2902 4704
245 267 323 356 rii

241 443 345 532 dicit3
370 446 427 512 sed
456 443 556 511 etism
571 443 655 512 duas
671 455 704 509 ct
721 447 876 532 triginto'
889 469 933 514 ex
950 449 1021 516 eius
1042 447 1163 519 fabulis
1179 466 1278 544 saty-

240 564 328 632 ricae
340 613 350 647 ,
373 577 498 634 ceteras
522 563 667 648 tragicas
693 563 796 632 fuisse
816 567 938 655 refert,
961 570 1026 638 hoc
1042 582 1106 656 est,
1128 571 1276 642 diversas

240 707 259 750 a
284 684 440 774 satyricis
458 704 496 747 ac
511 679 617 765 tales,
641 692 736 769 puto,
756 684 870 768 quales
895 688 1028 774 primus
1045 689 1186 778 Thespis
1203 693 1277 758 edi·

240 803 352 870 dissat.
395 801 516 887 Neque
538 801 824 886 praetereundum
846 814 912 886 est,
936 809 1027 890 quod
1056 809 1277 899 Phrynichus,

240 943 340 1008 quens
357 941 476 986 omnes
493 915 613 1003 tragici
637 919 760 986 morari
781 939 909 987 noman
927 929 1154 1016 consentiunt,
1172 931 1276 998 Thes·

238 1041 325 1128 pidia
354 1036 460 1107 {uisae
493 1035 683 1122 discipulus
717 1037 875 1102 traditur.
919 1035 1014 1116 Quid
1058 1066 1163 1131 vero,
1187 1051 1279 1135 quod

238 1154 436 1224 Heraclides
460 1155 520 1222 ille
536 1154 704 1241 Ponticus,
728 1155 819 1242 qui'a
841 1150 1003 1236 esfases
1018 1145 1151 1225 fabulas
1168 1167 1279 1233 Thes-

236 1275 325 1365 pidia
356 1275 498 1342 nominc
525 1273 712 1364 inscripsit,
753 1294 771 1337 a
800 1269 934 1338 Laertio
964 1275 994 1359 ι)
1033 1298 1103 1342 nou
1140 1293 1277 1370 satyros

237 1394 429 1482 scripsisse,
470 1394 528 1460 scd
563 1393 749 1480 tragoedias
776 1384 961 1458 narratur?
1006 1393 1163 1482 Denique
1190 1401 1274 1487 ipsa,

238 1537 326 1602 quae
342 1513 540 1582 etiamnunc
562 1511 741 1600 Thespidis
759 1511 892 1578 nomini
908 1511 1156 1602 attribuuntur,
1177 1512 1275 1605 frag-

234 1645 350 1702 menta
382 1634 468 1715 ista,
497 1653 558 1700 sau
583 1653 683 1720 vera,
713 1651 773 1696 seu
796 1629 879 1696 salsa
904 1630 988 1718 siut,
1019 1633 1111 1718 certe,
1132 1634 1168 1704 id
1186 1657 1272 1720 pro·
1318 1656 1320 1662 ’

142 1753 174 1774 ”
235 1752 337 1839 bant,
378 1750 515 1839 antiqua
541 1763 645 1817 estate
674 1748 772 1814 illum
805 1770 876 1816 nou
903 1747 1075 1816 ludicrum
1121 1765 1276 1844 poetam,

236 1871 294 1936 sed
312 1891 451 1955 gravem
469 1868 718 1936 maehabitusn.
763 1863 898 1933 Verum
925 1868 1005 1934 haec
1027 1867 1166 1956 quidem
1195 1884 1277 1938 tan·
1336 1955 1340 1960 Ι

238 1988 344 2076 tispsr
369 1986 424 2052 hic
446 1985 629 2073 praemissa
647 1984 830 2071 volumus3
851 2005 942 2050 nunc
965 2007 1047 2052 vero
1065 1988 1107 2054 sd
1129 2009 1164 2055 aa
1182 1989 1275 2058 testi.

236 2105 355 2173 monia
384 2104 573 2172 accedimus
589 2102 834 2188 examinanda,
858 2113 1006 2192 quorum
1033 2127 1078 2172 ex
1094 2108 1275 2175 auotorita-

233 2236 269 2291 te
288 2222 471 2313 Thespidis
485 2224 674 2310 tragoediae
688 2223 836 2290 ludicrae
852 2234 884 2287 et
901 2224 1066 2314 satyricae
1079 2223 1182 2294 fuisse
1199 2249 1275 2314 per·

238 2344 412 2414 hibentur.
768 2431 777 2448 Ι

337 2466 391 2529 Ac
411 2460 585 2528 Plutarchi
605 2461 694 2530 istud
717 2460 873 2552 quidem,
895 2461 991 2528 cuius
1010 2462 1182 2532 Bentleius
1201 2465 1273 2534 vim

237 2581 426 2649 maximam
449 2583 712 2667 eseciudicavit,
735 2604 780 2648 ex
796 2583 1043 2671 Symposiacon
1068 2583 1139 2652 eius
1166 2605 1274 2652 exor-
1317 2629 1318 2632 =

239 2701 298 2768 dio
319 2709 471 2766 sumtum
492 2713 559 2788 est,
579 2701 639 2768 ubi
663 2701 854 2790 quaeritur,
885 2690 929 2768 an
960 2702 1274 2792 philosophandum

237 2821 281 2888 sit
307 2820 396 2886 inter
417 2819 548 2908 pocula.
591 2819 777 2904 Feruntur,
798 2832 838 2888 ut
855 2819 911 2906 lit,
933 2823 1060 2888 multas
1086 2823 1122 2888 in
1139 2801 1271 2890 utram-

240 2961 307 3026 que
343 2950 476 3027 partem
506 2941 709 3025 sententiae3
750 2938 895 3025 danique
924 2962 1006 3006 vero
1038 2941 1178 3029 ponitur
1201 2963 1274 3010 esse

238 3047 572 3148 philosophandum,
594 3079 632 3123 ea
652 3071 765 3124 tamen
789 3057 848 3122 suh
879 3055 1092 3145 conditione,
1115 3071 1154 3125 ut
1170 3083 1214 3127 ne
1234 3061 1272 3128 in

239 3175 435 3244 convivium
459 3177 608 3264 argutiae
631 3177 859 3264 sophistarum
881 3176 1081 3252 afferantur,
1120 3175 1160 3243 Id
1176 3178 1276 3244 onitu·

237 3297 265 3362 ai
291 3295 369 3384 fiat,
391 3319 461 3362 non
485 3297 596 3362 miuus
622 3307 712 3363 recte
735 3295 832 3360 nobis
851 3317 948 3384 possa
972 3296 1163 3363 acclamari:
1186 3273 1272 3383 quid

238 3413 303 3480 hoc
339 3415 380 3482 ad
415 3406 615 3481 Bacchum?
653 3437 756 3504 quana
795 3414 837 3492 tt,
873 3415 1052 3504 aliquando
1092 3413 1126 3479 in
1158 3413 1271 3502 Phry·

237 3533 379 3600 niohum
406 3545 440 3600 et
471 3534 684 3621 Aeschylum
710 3533 896 3621 diceretur,
938 3535 980 3600 ad
1005 3529 1135 3598 fabulas
1161 3545 1196 3600 ct
1217 3557 1272 3604 res

235 3651 396 3740 lugubres
413 3654 618 3742 tragoediam
636 3664 879 3721 convertentes.
909 3650 1008 3733 Quid
1020 3644 1151 3741 igitur?
1173 3675 1268 3740 eone,

241 3911 267 3980 s)
298 3911 344 3968 lih.
360 3907 396 3965 V.
412 3927 494 3978 segra·
509 3925 551 3978 92·
