2902 4704
258 279 335 342 122

248 430 380 524 puriter
405 445 445 494 to
471 423 578 492 literis
609 423 777 491 emollitus
799 444 920 511 senex,
953 427 1098 496 consiliis
1123 433 1193 501 suis
1219 436 1285 504 eda

253 553 396 636 iuvent,
421 535 459 614 in
478 547 615 631 eiusque
637 541 796 609 institutis
817 545 927 614 multe
951 569 1085 616 esseusu
1107 573 1168 620 sno
1185 575 1285 621 eom«

251 669 438 742 morderet.

265 821 270 829 -
362 785 440 864 Qun
478 799 560 844 vero
601 773 866 866 Kenngieseerns
912 783 994 851 haee
1041 788 1127 876 egit,
1163 789 1281 858 eadem

251 907 388 994 inipso
425 898 500 962 loco
528 894 587 961 illo
608 895 863 986 interpretando
885 922 966 969 usus
996 919 1045 972 est
1076 881 1284 976 infelicitate,

251 1033 363 1111 Atque
386 1013 498 1100 verba,
526 1013 649 1102 quibus
674 1017 785 1084 omnis
814 1020 880 1085 viri
910 1022 997 1087 ‹looti
1017 1025 1146 1092 nititur·
1159 1029 1280 1114 dispu-

249 1142 347 1224 tntio,
376 1135 458 1200 htee
486 1144 585 1200 sunt:
625 1139 783 1222 spectavit
821 1139 1022 1228 Thespieiem
1039 1137 1157 1230 ¹tpsum
1175 1169 1279 1232 agen.

244 1271 331 1343 tem,
369 1264 407 1321 ut
438 1273 509 1318 moe
552 1263 627 1319 erni
661 1265 825 1340 ueterum,
861 1257 982 1344 quibus
1020 1259 1104 1326 mihi
1139 1263 1279 1348 quidem
1328 1309 1330 1312 ψ

248 1391 282 1446 et
308 1373 389 1444 ‚eliis
419 1385 503 1463 puto
537 1373 693 1441 omnibus
727 1373 815 1439 illud
846 1376 957 1463 ipsum
991 1353 1059 1444 uon
1096 1378 1138 1444 ed
1173 1379 1277 1446 Solo-

249 1467 328 1566 nem
352 1491 489 1581 referri,
510 1495 569 1561 sed
603 1493 644 1560 etl
674 1490 898 1582 Theupirlum',
923 1507 1000 1564 ttm
1032 1495 1159 1564 clerum
1186 1509 1278 1565 tem-1

250 1615 395 1710 que,-in
420 1615 483 1682 hto
507 1615 610 1682 totius
640 1611 706 1678 looi
739 1612 973 1701 simplicitate,
994 1627 1123 1684 eertum
1147 1629 1214 1706 est,
1236 1629 1277 1685 nt

246 1739 351 1827 plene
383 1737 548 1815 neonium,
597 1752 742 1819 quonam
781 1732 817 1798 id
847 1733 1138 1803 demonstratione
1173 1737 1276 1804 etiem

245 1855 351 1942 mugio
372 1851 582 1918 confirmem.
607 1847 872 1938 Keongieeserus
908 1858 1020 1918 eutem
1045 1874 1142 1920 suem
1176 1855 1276 1922 istam

245 1973 458 2061 opinionem,
481 1989 500 2032 n
523 1965 693 2054 Thespide
719 1966 862 2035 ridicule
883 1967 1047 2034 Solonem
1076 1991 1275 2059 expressum

246 2113 338 2178 enee,
370 2087 524 2176 primum
565 2087 705 2174 quidem
732 2087 773 2154 iis
810 2085 1028 2176 comprobari
1066 2092 1274 2174 trgumentis

244 2217 369 2301 putet,
382 2227 468 2295 quse
491 2206 558 2272 i'rm
573 2203 817 2294 relntsvimus3
838 2218 919 2273 tuno
944 2227 1025 2273 vero
1051 2205 1276 2276 Plutarchum

244 2330 322 2398 ille:
343 2339 381 2396 ut
402 2348 473 2392 moe
490 2335 562 2390 erat
588 2334 736 2395 veterum
761 2337 859 2414 neget
880 2323 981 2391 fuisse
1007 2324 1221 2417 additurum,
1243 2331 1274 2398 si

244 2448 353 2534 nihil,
377 2445 440 2512 uisi
469 2443 677 2531 Thespidem
701 2443 814 2534 ipsum
841 2445 944 2533 egisse
967 2445 1152 2512 iudicasset.
1195 2449 1272 2514 Soi-

242 2565 321 2638 lioet
345 2564 409 2632 hoo
437 2561 621 2648 Romanis,
649 2573 702 2630 ιιιΔ
727 2564 850 2654 quibus
886 2563 1070 2653 praecipue
1102 2565 1186 2633 hren
1213 2567 1273 2634 ille

242 2685 425 2770 scriberet,
462 2695 531 2750 tem
569 2694 689 2750 notum
720 2681 842 2771 fuisse,
860 2735 864 2755 ,
884 2683 1173 2772 ut-expliostioue
1202 2709 1271 2752 non

241 2816 361 2892 egeret.
405 2803 575 2870 Mittimus
604 2803 663 2868 iste
679 2802 722 2869 de
739 2802 913 2888 Romanis,
935 2823 1056 2890 perum
1081 2816 1182 2888 nemu,
1202 2805 1271 2890 sed,

242 2921 408 3010 siquidem
431 2923 521 2988 inter·
544 2921 607 2986 hos
638 2920 792 2988 emedio
817 2920 949 2988 civitate
984 2920 1096 2988 virum
1128 2921 1271 3006 ,bonum

240 3064 318 3112 oum
344 3038 493 3106 ludibrio
516 3040 553 3104 in
577 3059 672 3106 soene
700 3037 830 3126 exponi
854 3037 1045 3104 inauditum
1072 3051 1160 3106 eret:
1185 3042 1273 3109 mole

239 3159 393 3254 profecto
417 3179 473 3224 eos
498 3156 540 3222 de
556 3155 622 3220 hoo
652 3153 781 3222 Graeco
807 3177 903 3222 more
926 3155 1126 3238 Plutarchus
1150 3158 1191 3224 iis
1207 3160 1271 3225 do-

239 3279 349 3348 ouerit
368 3274 492 3362 verbis,
512 3273 647 3362 quibus,
669 3286 801 3363 praeter
828 3275 1132 3362 Kenngieeserum,
1166 3297 1276 3344 nemo·

238 3418 392 3488 unquam
419 3394 458 3461 id
485 3394 636 3462 docuisse
658 3415 738 3461 eum
767 3390 989 3461 intellexerit!
1022 3395 1089 3461 Sed
1112 3395 1167 3459 vir
1187 3394 1270 3462 doo-

235 3531 290 3586 tus
334 3513 542 3584 comoedum
578 3513 713 3601 quidem
741 3512 909 3580 Graecum
940 3535 1010 3578 non
1038 3511 1139 3598 pleno
1169 3515 1270 3602 igno·

236 3651 308 3708 um
329 3637 365 3706 in
383 3633 547 3700 Romanis
563 3631 665 3699 fuisse
680 3633 841 3716 coneedit,
866 3633 948 3719 quin
971 3631 1062 3716 apud
1078 3632 1168 3720 ipsos
1185 3657 1268 3722 quo·

219 3754 302 3850 ‘que
326 3766 401 3822 tum
427 3752 596 3820 uNrerio
623 3773 659 3816 eo
677 3751 795 3818 Plauto
827 3750 1019 3839 Scipiones,
1043 3761 1117 3816 turn
1144 3775 1161 3818 e
1185 3754 1267 3822 Cne-

235 3879 313 3946 01110
336 3873 386 3942 M.
406 3877 569 3944 Catonern
592 3869 707 3936 illusos
732 3891 801 3937 esse
827 3871 862 3937 in
883 3891 980 3938 seem
1004 3883 1180 3940 memoret.
1201 3872 1267 3940 Ni·
