2894 4700
266 255 345 374 2526

262 437 349 528 quin
367 434 465 526 periti
487 457 603 507 omnes
627 436 841 504 consentiunt
867 438 1074 524 Sophoclem
1092 440 1129 506 in
1157 439 1222 506 boc
1243 440 1297 506 lo·

258 581 325 652 eo,
357 579 422 646 qua
456 555 622 643 imprimis
663 555 797 622 excellit
830 568 918 640 erte,
950 579 994 621 ex
1021 559 1297 624 commotioribus

263 673 526 762 illiarhythmis
545 673 782 762 colloquentes,
800 675 993 742 admirabili
1018 697 1098 742 cum
1122 677 1296 763 suavitate,

267 791 311 861 ad
338 793 572 882 trimetrorum
599 794 872 881 tranquillitatem
905 795 1102 882 deduxisse,
1123 795 1297 884 repetitio·

144 941 147 948 ·
256 935 371 1011 ,neque
388 912 444 978 illa
462 911 739 998 exponendarum
756 935 883 998 rerum,
904 934 986 1001 quas
1002 927 1226 1004 spectatorum
1242 914 1298 980 in·

259 1041 382 1117 tereret
398 1049 606 1116 cognoscere,
624 1030 686 1094 sibi
699 1031 831 1120 cupiam
847 1030 963 1099 fecisse
976 1033 1193 1120 aptissimam.
1302 1061 1306 1070 ·

365 1153 455 1217 Cum
474 1169 554 1214 sero
576 1171 714 1235 eorum,
739 1172 823 1238 quae
848 1151 1055 1238 repetitionis
1081 1151 1218 1218 nomine
1239 1149 1296 1220 via

152 1255 154 1260 ¹
263 1279 416 1358 tuperate
437 1265 477 1332 ab
500 1266 658 1333 Voltario
682 1269 887 1356 riderentur,
912 1268 1026 1337 saltem
1042 1270 1178 1358 vestigia
1199 1291 1299 1358 quae·

262 1387 340 1452 dans
365 1385 577 1452 invenerim:
599 1387 775 1474 inquibus
796 1387 1001 1456 declamandi
1023 1387 1217 1454 inanitatem
1238 1387 1299 1456 ille

259 1503 532 1594 reprehenderit,
555 1527 624 1572 non
657 1508 765 1575 video.
799 1507 954 1596 Aequius
980 1506 1071 1572 enirn
1102 1506 1143 1572 de
1180 1501 1296 1574 iudicii

262 1623 332 1692 cius
362 1623 501 1690 veritate
538 1625 665 1712 sentio,
704 1647 806 1712 quam
841 1647 944 1713 quern
978 1626 1020 1692 ad
1054 1624 1298 1715 pulcherrimas

260 1742 334 1812 illas
364 1742 518 1810 Electrae
555 1746 590 1808 in
631 1741 744 1808 fratris
783 1743 895 1828 cinere
935 1746 1086 1833 querelas
1125 1744 1212 1810 hauc
1245 1763 1298 1838 re·

260 1861 376 1928 tulisse
396 1873 510 1925 notam
531 1859 683 1942 credam,
705 1873 774 1924 tarn
800 1883 897 1929 veras
918 1885 971 1929 eas
999 1874 1030 1928 et
1047 1861 1234 1950 simplices,
1257 1871 1299 1926 ut

260 2002 331 2046 non
348 1977 454 2062 lictae,
474 1977 531 2042 sed
548 1998 591 2043 ex
611 1976 682 2066 ipsa
699 1999 876 2068 expressae
892 2003 959 2051 esse
976 1981 1297 2050 natursrirlecntur.¹

262 2098 334 2164 Nec
365 2117 448 2162 vero
473 2095 645 2182 longiores
674 2109 771 2185 sunt,
795 2099 892 2165 utin
922 2099 1089 2186 dramate,
1112 2117 1170 2165 eut
1194 2099 1297 2166 nimia

261 2217 412 2320 lyricae3
433 2215 601 2302 siquidem
620 2215 746 2282 doloris
773 2217 838 2281 boc
862 2217 1041 2307 proprium
1070 2229 1135 2304 est,
1157 2229 1207 2304 ut,
1232 2217 1297 2282 cir·

260 2333 502 2403 cumstantium-
536 2334 629 2402 nulla
664 2333 792 2399 ratione
826 2333 958 2426 habits,
996 2337 1104 2426 longis
1150 2335 1302 2426 querelis¹

266 2456 360 2544 quasi
387 2452 560 2520 effundere
593 2455 804 2521 acerbitatem
832 2478 928 2522 susm
955 2457 1078 2545 cupiat,
1101 2454 1294 2524 diversissi-

261 2595 340 2670 mus
362 2574 398 2640 in
435 2571 501 2638 hoc
534 2571 575 2638 ab
599 2572 744 2658 laetitia,
767 2597 865 2662 quae,
890 2577 988 2642 sicuti
1017 2587 1129 2664 postea
1159 2574 1294 2663 Sopho·

261 2694 326 2762 cles
363 2712 441 2758 eam
485 2691 659 2780 depinxit,
705 2692 1005 2760 exclamationibus
1052 2679 1208 2768 brevibus
1259 2703 1294 2758 et

260 2811 411 2900 abruptis
430 2810 584 2879 exsultat.
618 2809 733 2900 ltaque
749 2809 830 2878 haec
848 2812 1057 2898 Voltarium,
1075 2813 1184 2878 nolim
1201 2811 1294 2880 enim

261 2933 394 3018 gravius
424 2927 550 3014 aliquid
569 2931 748 3016 suspicari,
771 2929 981 3014 festinantius
1013 2933 1181 3020 scripsisse
1204 2930 1292 2997 dico.

259 3043 348 3113 Cum
364 3069 447 3114 vero
466 3045 547 3132 ipse,
573 3047 747 3113 severitate
769 3070 848 3136 sua,
867 3071 927 3116 noa
948 3049 983 3116 in
1003 3049 1095 3116 hunc
1117 3049 1294 3116 deduxerit

259 3166 385 3252 locum,
409 3164 498 3231 houd
518 3163 604 3228 male
625 3162 775 3253 forsitan,
799 3189 901 3255 quem
925 3179 1020 3234 caute
1035 3168 1114 3234 vitio
1139 3166 1206 3246 illo,
1237 3167 1295 3232 re-

261 3282 426 3374 prehensa
448 3283 483 3348 in
521 3283 710 3371 Sophocle,
740 3286 810 3372 ipse
839 3285 982 3373 fugerit,
1019 3285 1292 3374 quaesiverimus.

261 3402 326 3468 Sed
363 3401 453 3487 boc,
482 3399 524 3466 ab
564 3387 716 3468 instituto
747 3416 863 3470 nostro
888 3417 937 3470 est
972 3403 1150 3470 remotius:
1188 3423 1295 3490 quere

258 3521 404 3588 brevitor
420 3529 550 3585 tantum
565 3514 601 3586 id
621 3542 807 3607 monemus,
830 3522 931 3612 quod,
954 3543 1033 3586 cum
1054 3521 1096 3586 sb
1119 3521 1293 3608 repetitio·

262 3625 359 3707 nibus
385 3639 611 3704 recentiorum
635 3661 688 3705 ars
714 3637 845 3705 facilius
872 3651 1009 3726 caveat,
1031 3651 1141 3706 tauma
1166 3663 1205 3706 eo
1224 3665 1292 3706 no·

260 3759 363 3845 mine,
394 3755 455 3822 hac
488 3755 523 3821 in
555 3754 690 3841 fabula,
723 3753 819 3824 haud¹
848 3757 1018 3822 immerito
1050 3756 1178 3825 Orestis
1208 3760 1293 3833 deo-2

262 3865 340 3948 rum
366 3874 441 3944 istas
469 3871 690 3941 accusationes
721 3875 901 3964 notaveris,
922 3898 961 3968 eo
980 3871 1198 3968 molestiores,
1221 3900 1293 3965 quo

1224 4019 1297 4064 snt·
