2894 4700
1099 309 1188 411 283·

259 503 394 572 Verum
417 499 649 590 gravissimam
677 499 712 564 in
740 497 801 563 bac
822 493 954 562 fabulae
973 507 1066 586 parte
1090 497 1180 566 Her·

151 623 236 691 culis
269 623 368 700 illam,
402 623 619 688 oraculorum
658 618 974 706 interpretationem
1006 617 1180 708 babemus,

153 765 258 831 quam
290 743 447 831 quidem,
470 743 631 828 quoniam
659 748 690 804 et
715 735 910 825 impeditior
934 736 1107 803 nonnuliis
1129 741 1182 807 vi-

155 885 189 927 sa
216 875 283 948 est,
306 873 339 928 et
375 859 417 927 ad
448 873 552 927 totam
578 857 712 924 fabulae
745 855 992 922 institutionem
1020 861 1190 950 pertinet,-

154 981 224 1048 iam
254 981 522 1048 examinabimus
548 978 652 1066 paulo
678 976 875 1042 accuratius.
933 965 940 978 ’

262 1099 421 1184 Etenim,
463 1121 541 1163 eum
589 1108 706 1188 poeta,
744 1086 967 1160 H'erculis'et
1007 1091 1193 1164 Deianirae¹

157 1219 335 1306 exemplo,
358 1217 481 1284 amoris
515 1215 588 1282 vim
621 1213 815 1302 pestiferam
843 1212 943 1277 vellet
977 1227 1164 1285 monstrare
1175 1218 1192 1308 ;'

156 1361 201 1408 ex
231 1361 327 1403 more
355 1359 436 1422 suo,
459 1336 510 1399 his
539 1354 674 1420 quoque
699 1331 839 1427 casibus,
864 1331 956 1420 quasi
982 1329 1187 1406 fundamen.

157 1470 201 1543 ta,
224 1453 543 1549 'subiecitdeorum
575 1450 702 1540 monita
739 1460 771 1516 et
796 1449 942 1514 oracula.
985 1447 1081 1528 Quae
1106 1453 1191 1541 qui-¹

161 1578 257 1656 dem,
281 1585 366 1661 quot
382 1572 449 1636 sint
478 1569 514 1635 in
542 1569 603 1634 hac
623 1567 738 1635 fabula
759 1571 814 1654 t),
827 1566 953 1663 optime
970 1547 1076 1655 ipsius
1095 1557 1195 1640 Her-¹

159 1695 244 1759 culis
266 1683 324 1758 illa
341 1690 570 1777 interpretatio
597 1673 777 1771 significat,
802 1687 928 1782 quippe
953 1688 990 1753 in
1009 1711 1091 1776 qua,
1110 1684 1194 1759 cam*

162 1823 277 1902 aperte
304 1811 338 1876 id
361 1821 472 1896 ageret
503 1805 705 1896 Sophocles,
729 1819 767 1870 ut
789 1805 1006 1872 oraculorum
1035 1811 1192 1878 onmium

161 1941 195 1998 et
223 1949 424 1995 consensum
457 1937 489 1992 et
520 1927 695 1992 veritatem
718 1909 860 1990 civibus
886 1925 955 2016 suis
990 1927 1193 2040 comproba-¹

160 2061 232 2130 ret,
257 2071 327 2116 non
357 2047 524 2136 possimus
567 2065 723 2144 sumere,
745 2065 815 2109 non
848 2032 918 2112 esse
950 2049 1065 2111 omnia
1094 2059 1193 2114 coar*

160 2179 358 2234 memorate.
401 2155 564 2231 Hercules
592 2158 703 2231 autem
728 2184 846 2250 unum,
867 2163 1045 2252 antiquius,
1066 2169 1130 2234 sibi
1152 2170 1194 2234 ab

162 2283 264 2372 iove,
294 2297 400 2375 patre,
432 2273 512 2352 dicit
543 2283 660 2352 datum
691 2305 759 2348 esse
792 2269 984 2350 vaticinium
994 2307 1007 2366 ,·
1038 2283 1194 2374 aiterum,

163 2403 352 2488 recentius,
387 2403 429 2466 ab
457 2423 583 2488 quercu
608 2402 714 2488 patria
755 2386 900 2485 accepit,
940 2397 1195 2487 Dodonaeas).

165 2495 464 2606 Quemadmodum
483 2507 565 2584 sero
584 2503 770 2606 Sopiiocies
786 2508 992 2585 inomnib'us
1012 2508 1080 2586 suis
1096 2521 1197 2588 fabu-

163 2637 216 2724 lis,
236 2639 277 2704 ad
302 2630 386 2726 quae
402 2634 613 2758 potissimum
630 2634 800 2701 advertere
816 2631 1038 2726 spectatorum
1069 2641 1199 2707 animos
1228 2713 1232 2722 ,

166 2753 268 2823 vellet
269 2780 345 2842 ,ea,
363 2749 473 2842 certis
483 2753 687 2866 interpositis
710 2749 907 2839 intervallis,
923 2754 1053 2845 saepius
1070 2760 1199 2846 repeti-

165 2886 199 2941 ta
223 2875 340 2942 babet:
369 2875 415 2940 ita
438 2877 538 2939 etiam
557 2873 594 2938 in'
620 2859 754 2938 nostrae
779 2872 932 2988 pluribus
950 2875 1033 2940 locis
1057 2875 1197 2944 illorum

170 2972 405 3089 oraculorum
429 2993 638 3060 mentionem
684 2979 789 3080 fecit',
821 2980 1030 3060 leviorem
1033 2990 1199 3063 ιιοιιιιιιιι-Ι

169 3135 280 3200 quam
299 3135 337 3178 ac
365 3113 465 3179 talem
478 3133 595 3202 ,quae
626 3112 717 3179 viros
743 3111 891 3178 doctos'
881 3138 917 3179 ιιι
940 3113 1085 3182 diversas
1119 3139 1200 3185 sen-

168 3233 287 3318 tehtias
316 3231 471 3318 traheret,
495 3231 610 3319 iiiique
646 3210 1108 3344 {isrealis''interpretationi
1134 3219 1201 3304 ob-¹

167 3353 362 3428 scuritatem
393 3332 561 3440 quandam
602 3351 777 3417 offundere
809 3353 982 3418 videretur
1013 3336 1199 3422 molestam:

168 3475 192 3572 i)
213 3505 390 3563 Gtcddacbina
407 3511 446 3559 vir
462 3507 585 3562 celeberr.
602 3505 644 3570 (ad
654 3507 793 3576 Trapbinn.
811 3506 920 3572 v.827.),
935 3483 1077 3575 improbata
1089 3506 1200 3568 Enim-d.

167 3591 195 3640 tii
222 3586 254 3639 da
277 3591 316 3639 bia
335 3593 443 3642 oraculis
469 3593 592 3641 sententia
604 3606 721 3658 ‚parum
751 3603 881 3651 accurata,
908 3579 956 3653 [c'i.
981 3597 1034 3645 aius
1055 3593 1142 3646 adnot.
1167 3593 1201 3646 ad

167 3687 194 3724 ι.
210 3671 268 3735 ιιι
273 3671 283 3734 )
300 3688 400 3736 praetor
418 3675 467 3727 alia
485 3675 575 3740 plura,
593 3692 657 3740 qaae
680 3691 734 3726 cca
752 3675 958 3739 protensius
949 3693 979 3726 ιιι
1000 3671 1045 3728 ilt'a
1068 3679 1126 3728 laco
1144 3689 1200 3728 teu

167 3756 233 3806 tium
253 3754 356 3819 aliquod
375 3759 520 3822 significari
528 3757 670 3822 oraculum,
690 3756 869 3846 Dslpbiepm
877 3759 977 3831 statuit,
999 3759 1070 3823 quod
1099 3775 1146 3826 ego
1168 3758 1200 3812 th

167 3839 215 3890 hac
240 3836 324 3889 sabula
346 3839 458 3891 alianum
478 3839 570 3892 habco·

169 3968 194 4035 a)
213 3987 240 4026 v.
259 3969 331 4023 1161.
347 3987 405 4039 sqq.
