2902 4704
1135 303 1217 390 '115

183 491 216 546 et
251 491 304 546 tot
341 475 457 545 iecisse
491 475 621 542 fabulas
658 473 827 561 traditur,
858 488 897 542 ut
933 480 1062 544 mirum
1113 479 1212 568 foret,

180 601 209 665 si
225 619 314 683 non3
338 596 466 682 quippe
482 593 517 658 in
536 615 620 662 nore
639 606 728 680 erte,
752 617 862 682 neque
892 617 973 660 usus
1004 597 1128 684 ullius,
1150 623 1211 666 ne-

174 739 243 804 que
261 713 345 802 legis
361 713 610 800 circumscripta
639 713 780 800 finibus,
802 713 896 779 voris
922 725 1088 800 tentasset,
1121 716 1211 782 levi·

172 835 304 919 busque
326 831 528 916 Satyrorum
547 829 627 896 iocis
643 833 707 897 alia
725 828 888 920 quaedem
900 815 1119 920 adiuniisset,
1140 840 1211 904 Do.

171 953 251 1021 risis
275 949 449 1040 similiores
489 950 649 1038 Accedit,
673 953 764 1039 quod
786 951 930 1040 Thespis
958 953 1053 1041 apud
1084 964 1210 1022 veteres

168 1090 338 1157 nusquam
356 1066 519 1155 satyricus
542 1081 659 1156 ports,
683 1091 806 1136 verum
824 1093 957 1160 semper
981 1073 1127 1158 tragicus
1145 1095 1209 1140 vo-

170 1203 275 1255 catur.
320 1185 454 1265 Quibus
475 1208 519 1252 ue
542 1186 616 1274 quis
639 1188 673 1253 id
693 1199 864 1276 opponat,
880 1190 978 1276 quod
1003 1191 1208 1280 plerumque

145 1293 362 1396 ¹satyrorum
390 1315 508 1392 poetee
544 1308 752 1393 tragicorum
778 1308 916 1373 nomine
947 1306 1207 1395 insignirentur:

169 1449 232 1494 uos
259 1423 452 1510 tragoediae
474 1445 600 1490 nornen
625 1445 809 1491 commone
827 1427 979 1514 utrisque
996 1426 1098 1494 fuisse
1122 1449 1204 1496 con·

173 1545 323 1612 cedimus
348 1543 509 1630 quidem;
530 1545 587 1609 sed
614 1564 777 1630 negamus
803 1565 882 1610 eum
916 1545 1066 1629 potuisse
1100 1549 1205 1636 tregi-

173 1685 253 1727 cum
277 1661 462 1751 appellari,
485 1663 542 1749 qui
560 1661 692 1729 nullam
713 1685 864 1751 nuquam
887 1664 1116 1749 tragoediam,
1147 1667 1206 1734 sed

173 1803 284 1850 meros
299 1791 428 1868 satyros
444 1781 639 1869 scripsisset.
681 1781 756 1847 Imo
778 1782 925 1868 sinere,
948 1782 1041 1869 quod
1078 1787 1207 1852 Cassu-

176 1899 264 1966 bono
299 1912 332 1965 et
360 1900 435 1967 aliis
466 1901 614 1990 placuit,
647 1885 726 1968 cuin
757 1900 899 1968 omnino
932 1901 1043 1988 satyri
1073 1902 1204 1988 priores
1256 1934 1259 1944 2

171 2019 337 2106 tragoedis
358 2017 517 2108 fuissent,
539 2033 614 2088 tum
631 2021 775 2108 Thespis
792 2020 936 2107 satyrica
961 2020 1202 2107 dremeta,non

170 2139 274 2204 tristis
299 2137 446 2206 fecisset:
470 2139 601 2226 Graeci,
624 2141 762 2229 opinor,
785 2161 854 2204 non
883 2139 1056 2225 satyricos
1085 2155 1201 2230 poetes

169 2258 396 2346 tragicorum,
418 2258 474 2324 sed
500 2256 562 2324 hos
591 2258 733 2326 illorum
762 2256 901 2326 nomine
922 2260 1199 2346 comprehendis·

169 2389 251 2444 sent.
274 2377 305 2469 ι)
349 2378 437 2442 Cum
475 2361 557 2444 vero
575 2377 755 2468 Thespidis
784 2377 974 2464 tragoediae
994 2377 1201 2463 plureslsu-

169 2496 311 2578 dentur,
332 2504 465 2559 tontum
488 2494 594 2580 abest,
617 2508 656 2561 ut
679 2506 807 2564 veteres
832 2519 885 2563 eas
908 2496 1069 2586 satyricos
1096 2495 1201 2564 fuisse

170 2615 301 2697 dicant,
342 2623 381 2677 ut
407 2612 482 2698 ‘ipse
509 2611 727 2680 casaubonus
763 2617 885 2702 „inter
912 2637 974 2683 ess
1001 2616 1201 2685 confitentur

167 2732 298 2802 nullam
328 2753 413 2816 esre,
438 2717 540 2820 quern
557 2731 631 2798 iure
652 2735 833 2800 contendas
858 2733 961 2800 fuisse
987 2733 1200 2820 satyricam.’²

168 2855 286 2940 Atque
307 2852 555 2938 tragoediarum
573 2851 630 2917 ille
646 2864 726 2918 tuno
744 2853 902 2918 inventor
919 2851 1207 2937 dicebatur,=cum.

168 2983 200 3038 et
225 2970 395 3058 tragoedis
422 2984 454 3037 et
472 2971 615 3058 satyrice
651 2971 704 3037 vel
743 2974 894 3040 maxime
930 2969 1064 3038 exculte
1098 2982 1213 3069 esset,¹

170 3111 372 3179 omnesque,
406 3091 487 3178 quid
516 3091 698 3156 interesset
730 3091 819 3158 inter
853 3103 1034 3179 utromque
1060 3090 1202 3178 poesin,

167 3209 244 3275 satis
265 3211 526 3298 perspexissent.
570 3209 692 3276 Suidss
718 3223 843 3296 autem,
865 3209 964 3276 claris
982 3209 1106 3296 verbis,
1128 3231 1201 3276 non

168 3329 272 3395 modo
314 3329 499 3417 satyricum
540 3329 655 3395 drame
694 3329 736 3394 eb
764 3327 900 3395 Pretine
922 3329 1097 3394 inventum
1131 3343 1237 3394 esse·

169 3503 275 3552 minime
297 3520 330 3554 eo
340 3503 491 3566 infirmetur,
508 3501 578 3570 qnod
606 3501 746 3555 Boeclrbius
765 3499 942 3566 (Stratshsusb.
957 3497 994 3551 11.
1008 3517 1034 3566 p.
1048 3497 1124 3562 362.)
1142 3511 1199 3568 apte

168 3584 197 3635 in
221 3585 343 3637 Orchom.
367 3586 531 3654 inscriptions
556 3589 680 3652 tragicum
708 3599 734 3638 et
761 3586 891 3637 comicum
917 3595 1019 3650 poetam
1051 3582 1199 3634 Athenien-

168 3680 225 3740 ses,
247 3670 383 3734 ortyricum
404 3671 556 3722 Thebanum
578 3669 629 3720 diei
645 3671 755 3720 monuit.

165 3781 195 3846 1)
229 3779 260 3832 ld
278 3783 330 3847 ipse
355 3785 517 3839 Curubonns
547 3786 705 3837 subrepsisse
728 3797 916 3848 nonnunqum
937 3779 1054 3840 videtum
1080 3777 1123 3839 (v.
1143 3779 1196 3832 Li.

165 3881 193 3932 P·
219 3879 259 3930 ¹7·
275 3881 316 3932 91·
338 3867 412 3930 120.)
428 3865 474 3918 ssd
493 3883 553 3918 oum
573 3868 716 3918 Aristotelis
736 3869 774 3916 illi
790 3867 854 3926 ¹loco
882 3868 935 3915 vim
964 3865 1084 3912 latiorem
1115 3861 1197 3912 sune}

167 3946 494 4004 neumnensium
514 3951 563 4003 sibi
583 3950 748 4012 iuseutmtia
773 3965 818 4000 sua
843 3945 1008 3999 existimabas

869 4044 890 4108 8
