2876 4704
1112 331 1166 420 25

143 497 201 582 bus
217 493 356 600 constat,
378 517 406 600 ι)
430 513 473 578 ita
498 509 608 578 omnis
625 510 667 576 ad
690 506 827 577 actionis
843 505 1065 576 imitationem
1085 487 1186 580 lacta*

143 647 174 698 et
191 633 325 698 exbulta
345 643 426 716 erat,
446 643 485 695 ut
501 651 570 696 non
581 643 697 728 posset
713 629 799 711 fieri,
814 629 900 716 'quin
916 627 1020 695 linitis
1035 629 1173 719 hymnis

143 752 213 816 auia
235 751 435 835 choreutae,
458 773 537 838 quas
568 771 647 816 oum
671 747 893 816 concitatione
917 771 1051 816 summa
1084 751 1175 818 oeci-

145 853 270 934 nissent
296 880 328 933 et
346 869 528 955 saltassent,
551 869 673 935 Bacchi
701 871 754 937 re's
776 863 883 956 gestas
908 881 941 936 et
962 869 1120 936 victoriae
1143 883 1177 938 et

149 985 309 1052 beneficia
332 987 417 1069 iana,
439 988 540 1054 soluti
567 999 639 1054 orte
661 1000 694 1054 et
710 1000 849 1056 naturae
868 1000 1045 1078 sequentes
1059 989 1176 1079 impe-

149 1116 234 1194 tum,
249 1105 373 1192 egendo
390 1120 422 1173 et
440 1105 619 1194 imitando,
632 1119 670 1174 ut
691 1119 855 1196 poterant,
880 1120 1180 1198 repraesentarent.

249 1259 313 1326 Sed
339 1283 417 1326 oum
439 1259 638 1326 Aristotelen
665 1259 872 1346 tragoediam
903 1263 946 1329 ad
980 1260 1178 1350 dithyram-

149 1375 206 1444 boa
224 1377 357 1452 referat,
380 1401 452 1444 non
471 1397 650 1462 possumus
674 1375 843 1443 Herodoti
873 1377 976 1446 illum
1008 1379 1123 1449 locum
1145 1385 1180 1470 a)

50 1469 52 1478 ,
145 1501 350 1590 praeterire,
383 1496 419 1558 in
443 1515 512 1578 quo
535 1493 687 1578 primum
715 1493 881 1560 Arionem
901 1497 1054 1564 Corinthi
1075 1511 1109 1566 et
1121 1497 1186 1587 fi.

149 1621 238 1682 oiaae
282 1607 537 1696 dithyrambum
564 1618 597 1676 et
619 1609 808 1676 nominocae
838 1623 870 1676 et
901 1614 1050 1682 anonim
1072 1617 1186 1684 tradit.

154 1729 293 1810 Quibus
323 1726 489 1814 siquidem
524 1725 560 1792 id
592 1739 777 1814 repugnat,
818 1728 910 1815 qnod
937 1741 1033 1796 tertre
1058 1730 1134 1819 alii,
1156 1747 1189 1802 et

158 1848 185 1914 ii
217 1843 489 1932 locupletissimi,
527 1843 785 1931 dithyrambnm
824 1847 942 1916 multia
975 1861 1052 1918 ante
1083 1851 1187 1922 illum

156 1965 299 2034 saeculis
324 1964 427 2030 inisse
453 1967 630 2032 inventum
657 1963 841 2055 affirmant:
873 1966 909 2034 id
933 1980 1022 2037 certe
1038 1971 1197 2068 dandum*

92 2091 95 2097 '
155 2099 226 2154 erat
260 2081 456 2172 Herodoto,
479 2097 535 2170 ut,
558 2106 623 2172 qua
642 2083 730 2151 istud
749 2097 860 2152 mente
886 2087 958 2157 aire
971 2089 1104 2160 ratione
1130 2094 1185 2160 di·

158 2205 279 2290 nisset,
302 2205 555 2294 exploraretur.
599 2203 785 2293 Videlicet,
809 2217 847 2272 ut
867 2209 958 2296 apud
982 2219 1110 2278 veteres
1135 2215 1192 2280 ni-

156 2327 207 2394 hil
235 2337 306 2394 erat
341 2326 516 2411 usitatius,
540 2347 641 2414 quarn
669 2337 724 2410 ut,
754 2325 783 2389 ai
815 2325 949 2413 quirin
977 2339 1049 2394 arte
1076 2328 1191 2416 alique

161 2446 344 2537 praecipue
365 2443 561 2528 meruisset,
582 2444 611 2509 is
630 2445 759 2533 primus
773 2442 941 2518 invenisse
962 2466 1037 2512 eam
1065 2444 1196 2514 dicere·
1314 2501 1318 2506 .
1385 2447 1388 2454 “

159 2577 238 2633 tur:
260 2564 295 2651 3)
335 2561 383 2627 ita
413 2562 532 2662 ettam·
561 2560 729 2628 Arionem
773 2561 809 2626 in
841 2562 1061 2650 dithyrambo
1081 2579 1198 2633 muta·

164 2688 275 2750 tiones
301 2678 417 2746 fecisse
449 2691 520 2744 tam
543 2699 660 2764 graves
677 2676 837 2743 credibile
862 2691 932 2763 eat,
957 2692 1096 2768 propter
1117 2707 1201 2772 quae

164 2797 447 2869 haudimmerito
476 2795 549 2862 eiua
576 2794 671 2882 quasi
698 2792 856 2862 inventor
873 2793 1063 2865 haberetur.
1084 2799 1201 2900 Atque

166 3021 190 3088 ι)
208 3023 315 3074 Lucien-
338 3019 374 3073 11.
398 3017 576 3072 deculcatione
600 3036 626 3086 p.
646 3015 704 3072 286.
723 3019 808 3088 Quare
832 3022 925 3076 veterio
945 3020 1093 3093 dirciplinae
1110 3030 1202 3085 lauda-

165 3117 235 3160 torta
247 3105 361 3156 maxime
381 3103 559 3168 improbarunt
581 3115 669 3154 cautae
688 3119 747 3154 ων
758 3115 835 3154 aetate
852 3105 985 3160 saltatione
1008 3107 1151 3167 destinatos.
1169 3116 1204 3166 cl.

165 3208 208 3256 ap.
222 3186 318 3242 Athen.
340 3187 485 3240 comicum.
502 3204 529 3254 p.
542 3183 592 3238 eae
609 3197 635 3238 et
651 3183 778 3240 Plator-cb·
794 3183 827 3238 de
841 3187 888 3243 tte.
906 3189 976 3260 apud
991 3191 1087 3262 Delpb.
1103 3213 1130 3262 p·
1144 3195 1203 3250 tae.

167 3323 195 3388 n)
230 3323 252 3376 1.
268 3321 314 3376 23.

172 3454 199 3522 5)
234 3457 266 3508 In
282 3451 438 3522 dithyrambi
459 3451 635 3504 inventoribus
651 3453 726 3506 etiam
739 3456 833 3508 Lacum
847 3455 1033 3510 Hermionam
1048 3455 1137 3506 reterri
1155 3475 1206 3506 ne-

171 3555 217 3591 mo
241 3552 297 3601 ert,
316 3540 359 3603 qui
378 3539 486 3598 nescim
503 3549 652 3588 nontamen
672 3539 693 3588 ie
711 3541 738 3590 in
758 3538 833 3590 boine
859 3557 965 3608 poeneoa
979 3540 1150 3600 incuratione,
1174 3539 1206 3592 ab

172 3621 273 3674 3¹3⁰⁸²⁸
296 3623 453 3688 emtum,
470 3635 522 3694 lem
539 3624 810 3689 mutataequicquarn,
829 3639 905 3690 quern
929 3620 1064 3689 perfecisse
1087 3631 1112 3668 et
1132 3618 1208 3670 addi·

173 3703 243 3754 dieae
268 3704 342 3772 plur·
360 3703 471 3758 videtur.
495 3703 649 3772 churette
673 3707 752 3757 metu.
780 3704 812 3756 de
841 3703 942 3756 l'Aoad.
973 3700 1018 3751 dee
1046 3703 1122 3751 incer.
1147 3715 1210 3752 rom.

174 3783 235 3838 XV·
253 3803 280 3854 p·
297 3785 354 3857 529·
376 3789 418 3841 De
431 3785 574 3840 Philoxeno
597 3802 684 3840 entem
712 3788 849 3854 cytherio,
875 3781 1042 3854 dithyrambi!
1057 3784 1207 3842 inventore,

176 3883 242 3937 ‘lm
256 3868 324 3936 lim(l
339 3871 450 3924 Tmen
466 3873 591 3940 legimur,
605 3872 713 3938 (Soboll.
736 3869 768 3921 ad
778 3869 906 3938 Lycopbr.
923 3885 951 3934 p.
968 3865 1018 3916 252
1035 3862 1079 3914 ed.
1093 3860 1208 3925 ldiiller.)

178 3971 209 4006 ea
224 3966 309 4022 aperte
327 3953 359 4009 ad
373 3955 500 4012 Arionem
515 3961 644 4027 pertinent
664 3969 690 4010 et
707 3953 812 4008 conloca
829 3965 899 4005 eunt.
1005 3991 1010 4000 .
