2902 4704
96 330 107 362 r
247 325 327 411 rJo

243 489 284 547 nt
304 475 510 546 scholiastae
533 477 577 546 de
591 475 758 546 eiusmodi
775 476 941 566 conciliis,
964 501 1051 568 quoe
1066 483 1170 550 reenti
1188 504 1277 572 pce-

244 611 298 671 ne
313 610 441 686 essent,
464 617 572 685 neqne
597 597 849 685 auspicarentur
886 599 1084 690 quicquam,
1106 625 1216 692 neque
1236 601 1282 669 in·

243 715 579 787 commentationibus
611 714 698 782 aule
713 717 920 784 mentionem
940 717 1098 788 facerent.
1125 724 1157 808 ι)
1199 720 1276 788 Ac·

241 839 348 921 cedit,
371 836 462 924 quod
479 831 621 902 fortem
652 855 762 920 neque
786 833 813 901 ii
834 836 953 924 tragici
978 838 1109 926 graeci,
1131 837 1189 928 qui
1211 850 1278 905 au.

242 955 430 1024 dioclesirne
456 948 499 1019 sd
525 951 786 1043 Rempublirsrn
813 955 932 1043 poesin
957 977 1055 1024 euern
1077 955 1281 1041 referebenu

149 1063 152 1072 ’
242 1075 281 1142 in
301 1071 459 1142 omnibus
479 1071 548 1138 ruis
575 1069 699 1140 fabulis
725 1073 791 1140 boc
809 1073 859 1140 ite
890 1073 1048 1161 agebant,
1077 1077 1161 1162 quin
1178 1097 1282 1144 non-·

238 1211 417 1280 nunquem
458 1211 636 1260 summum
674 1191 779 1258 finem
834 1191 943 1281 ipaem
986 1191 1276 1280 pulchritudinem

238 1323 338 1400 etque
359 1310 415 1398 id,
437 1309 531 1398 quorl
561 1311 704 1399 dignum
725 1309 894 1378 cothurno
920 1321 1021 1398 esset,
1050 1311 1115 1378 rrbi
1144 1333 1274 1401 propo·

236 1443 367 1501 nerent.
411 1429 483 1498 Nec
518 1429 664 1520 denique
689 1442 775 1520 ego,
796 1451 875 1497 cunr
895 1428 1131 1496 Themistocli·
1157 1441 1192 1500 et
1208 1428 1276 1496 Pe·

236 1550 329 1620 rirlis
352 1559 458 1624 aetate
482 1551 670 1618 meximenr
692 1550 759 1618 erti
790 1550 935 1637 tregicae
964 1571 1043 1616 cern
1069 1548 1202 1618 civitate
1215 1547 1273 1616 in·

237 1670 426 1740 terceseisre
450 1669 726 1738 coniunctionem
749 1667 902 1756 affirmo,
922 1668 1066 1736 eendenr
1089 1665 1282 1736 Alcibiadis

237 1787 400 1857 mansisse
420 1790 631 1878 temporibus
664 1789 831 1856 existimo.
873 1788 957 1875 Sed,
980 1799 1019 1853 nt
1033 1788 1138 1874 magia
1155 1799 1277 1854 etme-

237 1909 288 1997 gis
310 1905 572 1974 Atheniensium
595 1903 801 1992 Respublica
824 1905 867 1972 ed
887 1883 1075 1992 pancorum
1091 1905 1274 1972 erbitrinnr

234 2039 269 2094 et
301 2027 457 2092 insanam
492 2021 599 2110 plebis
646 2020 822 2088 lenitatem
856 2023 1004 2090 redibet:
1033 2025 1080 2090 its
1102 2022 1280 2108 tragoedia,

237 2143 344 2232 megia
365 2140 541 2208 recedebat
572 2140 615 2207 ab
640 2138 721 2226 illa,
751 2139 1050 2230 philosophiaeque
1082 2151 1117 2206 et
1148 2141 1270 2210 rheto-

159 2281 166 2291 ·
237 2265 322 2334 nicee
345 2260 474 2330 irretita
490 2259 674 2346 illecebris,
696 2269 765 2326 tote
796 2259 840 2326 ed
862 2259 991 2348 ingenii
1012 2260 1271 2350 ostentationem

244 2392 540 2472 spectatoremque
562 2379 820 2448 oblectationem
844 2401 879 2447 ee
895 2383 1129 2470 componebat.

339 2499 422 2570 Non
449 2500 570 2587 igitur,
593 2499 762 2588 siquidem
784 2501 865 2570 heec
887 2500 1077 2589 tragoediae
1101 2523 1181 2568 cunr
1197 2499 1298 2568 Rea·

234 2619 371 2711 publice
387 2618 595 2692 necessitudo
625 2641 697 2686 non
720 2619 758 2686 in
775 2620 846 2709 ipae
862 2621 934 2688 eius
957 2632 1078 2688 notura
1098 2622 1162 2688 site
1183 2631 1274 2702 erat,

236 2741 297 2810 sed
325 2762 371 2806 ex
388 2737 600 2826 temporibus
624 2739 793 2826 pendebat
824 2739 953 2825 omnir,
984 2739 1178 2808 mirandum
1211 2750 1271 2825 eet,

239 2860 332 2950 quod
354 2881 428 2926 enm
458 2857 659 2926 Aristoteles
687 2881 731 2924 ne
760 2859 865 2924 verbo
897 2856 1034 2946 quidem
1058 2878 1274 2926 memorare-

238 2977 294 3042 rit.
340 2977 406 3044 Sed
433 2976 539 3044 elium
579 2977 622 3042 de
644 2997 681 3043 ea
709 2987 828 3044 testem
850 2953 1164 3066 locupletissimum,
1185 2975 1273 3044 Ari-

236 3091 441 3181 stopbsnem
459 3093 632 3180 hebemus,
650 3093 848 3180 Carnicum,
872 3095 931 3183 qui
949 3115 1028 3164 rum
1044 3095 1080 3162 in
1095 3096 1168 3162 eliis
1188 3092 1272 3162 locis

234 3210 419 3302 plurimis,
441 3223 515 3278 tum
541 3212 577 3280 in
606 3211 779 3280 llenarurn
803 3210 938 3280 frbulre
965 3223 1060 3304 perte
1085 3211 1272 3302 posteriore

240 3343 311 3400 tarn
340 3327 495 3418 copiose,
516 3341 654 3420 tamque
676 3330 824 3420 graviter
848 3332 892 3400 de
915 3331 977 3400 ille
992 3343 1170 3422 poetarum
1189 3347 1270 3394 curn

235 3538 261 3606 sl
295 3539 464 3602 Mirumst,
481 3552 604 3606 anntnm
618 3538 651 3591 ad
674 3553 771 3594 remote
787 3553 901 3608 tempora
915 3552 982 3590 reete
1005 3536 1152 3600 iudicanda,
1169 3551 1269 3602 eorum,

238 3623 330 3688 quibua
346 3625 395 3689 ipri
413 3623 536 3683 vivimus,
558 3636 647 3676 natura
661 3623 728 3676 iecit.
761 3623 802 3673 Ex
825 3623 874 3674 bre
889 3621 1055 3687 intelligitur,
1072 3635 1120 3673 eur
1141 3637 1270 3688 gramme-

234 3708 278 3762 n'ci
285 3707 363 3760 betto
378 3702 535 3770 Anrtqutuu
547 3706 696 3758 illustrando
709 3708 782 3773 plure
795 3717 847 3756 tarn
859 3719 978 3768 perverse
991 3705 1161 3770 egerintrnec,
1168 3703 1272 3771 profem
1363 3733 1369 3756 t

232 3802 269 3855 to,
284 3803 313 3842 nt
325 3789 467 3841 recentiore
483 3799 539 3840 nter
552 3791 678 3856 exemplo,
687 3785 855 3850 Wielrndlut,
872 3801 932 3836 eum
948 3785 1056 3838 eliorum
1072 3801 1196 3852 veterum,
1214 3800 1277 3846 tun,

230 3871 328 3924 Horatii
342 3874 478 3938 interpr-er,
497 3873 613 3938 egregius
631 3871 705 3922 huius
720 3883 846 3944 ternpore,
862 3867 884 3920 sl
897 3883 983 3926 nostre
1003 3867 1117 3936 vidisset,
1134 3887 1194 3924 eun
1214 3870 1271 3925 Lu·

233 3953 321 4008 dorici
331 3951 406 4006 XIV.
423 3953 476 4006 ttttr
491 3955 698 4021 compererunt·
