<?xml version="1.0" encoding="UTF-8"?>
<!DOCTYPE html PUBLIC "-//W3C//DTD XHTML 1.0 Transitional//EN"
    "http://www.w3.org/TR/xhtml1/DTD/xhtml1-transitional.dtd">
<html xmlns="http://www.w3.org/1999/xhtml" xml:lang="en" lang="en">
 <head>
  <title>
</title>
<meta http-equiv="Content-Type" content="text/html;charset=utf-8" />
  <meta name='ocr-system' content='tesseract 3.04.00' />
  <meta name='ocr-capabilities' content='ocr_page ocr_carea ocr_par ocr_line ocrx_word'/>
</head>
<body>
  <div class='ocr_page' id='page_1' title='image "./sophocleaequaes00jacogoog_0031.png"; bbox 0 0 2876 4704; ppageno 0'>
   <div class='ocr_carea' id='block_1_1' title="bbox 259 287 311 378">
    <p class='ocr_par' dir='ltr' id='par_1_1' title="bbox 259 287 311 378">
     <span class='ocr_line' id='line_1_1' title="bbox 259 287 311 378; baseline -0.038 0"><span class='ocrx_word' id='word_1_1' title='bbox 259 287 311 378; x_wconf 75' lang='lat'>26</span> 
     </span>
    </p>
   </div>
   <div class='ocr_carea' id='block_1_2' title="bbox 146 467 1302 1744">
    <p class='ocr_par' dir='ltr' id='par_1_2' title="bbox 146 467 1302 1744">
     <span class='ocr_line' id='line_1_2' title="bbox 255 467 1287 565; baseline 0.008 -28"><span class='ocrx_word' id='word_1_2' title='bbox 255 469 344 537; x_wconf 87' lang='lat' dir='ltr'>bano</span> <span class='ocrx_word' id='word_1_3' title='bbox 378 469 575 558; x_wconf 76' lang='lat' dir='ltr'>opinionem</span> <span class='ocrx_word' id='word_1_4' title='bbox 614 469 746 558; x_wconf 81' lang='lat' dir='ltr'>egregie</span> <span class='ocrx_word' id='word_1_5' title='bbox 783 467 900 538; x_wconf 85' lang='lat' dir='ltr'>Suidae</span> <span class='ocrx_word' id='word_1_6' title='bbox 933 474 1110 540; x_wconf 79' lang='lat' dir='ltr'>confirmat</span> <span class='ocrx_word' id='word_1_7' title='bbox 1144 477 1194 564; x_wconf 87' lang='grc' dir='ltr'>ι),</span> <span class='ocrx_word' id='word_1_8' title='bbox 1227 479 1287 565; x_wconf 92' lang='lat' dir='ltr'>qui</span> 
     </span>
     <span class='ocr_line' id='line_1_3' title="bbox 256 588 1302 680; baseline -0.009 -22"><span class='ocrx_word' id='word_1_9' title='bbox 256 591 443 676; x_wconf 86' lang='lat' dir='ltr'>nescimus,</span> <span class='ocrx_word' id='word_1_10' title='bbox 466 589 606 656; x_wconf 86' lang='lat' dir='ltr'>consilio</span> <span class='ocrx_word' id='word_1_11' title='bbox 639 588 874 676; x_wconf 85' lang='lat' dir='ltr'>interpretatus</span> <span class='ocrx_word' id='word_1_12' title='bbox 914 591 1148 680; x_wconf 88' lang='lat' dir='ltr'>Herodotum,</span> <span class='ocrx_word' id='word_1_13' title='bbox 1171 619 1213 662; x_wconf 81' lang='lat' dir='ltr'>an</span> <span class='ocrx_word' id='word_1_14' title='bbox 1230 615 1302 660; x_wconf 51' lang='lat' dir='ltr'>ca:</span> 
     </span>
     <span class='ocr_line' id='line_1_4' title="bbox 255 703 1288 797; baseline 0.004 -19"><span class='ocrx_word' id='word_1_15' title='bbox 255 733 312 797; x_wconf 83' lang='lat' dir='ltr'>eu,</span> <span class='ocrx_word' id='word_1_16' title='bbox 335 721 575 793; x_wconf 77' lang='lat' dir='ltr'><strong>auctoremque</strong></span> <span class='ocrx_word' id='word_1_17' title='bbox 613 703 718 768; x_wconf 86' lang='lat' dir='ltr'>alium</span> <span class='ocrx_word' id='word_1_18' title='bbox 754 719 904 794; x_wconf 84' lang='lat' dir='ltr'>secutus,</span> <span class='ocrx_word' id='word_1_19' title='bbox 927 711 1017 779; x_wconf 89' lang='lat' dir='ltr'>inter</span> <span class='ocrx_word' id='word_1_20' title='bbox 1037 715 1100 781; x_wconf 84' lang='lat' dir='ltr'>alia</span> <span class='ocrx_word' id='word_1_21' title='bbox 1130 714 1171 780; x_wconf 89' lang='lat' dir='ltr'>de</span> <span class='ocrx_word' id='word_1_22' title='bbox 1187 714 1288 782; x_wconf 89' lang='lat' dir='ltr'>Ario·</span> 
     </span>
     <span class='ocr_line' id='line_1_5' title="bbox 253 822 1285 920; baseline -0.005 -27"><span class='ocrx_word' id='word_1_23' title='bbox 253 853 297 895; x_wconf 88' lang='lat' dir='ltr'>ne</span> <span class='ocrx_word' id='word_1_24' title='bbox 319 830 399 894; x_wconf 87' lang='lat' dir='ltr'>baec</span> <span class='ocrx_word' id='word_1_25' title='bbox 429 825 548 891; x_wconf 79' lang='lat' dir='ltr'>tradit:</span> <span class='ocrx_word' id='word_1_26' title='bbox 572 822 694 920; x_wconf 79' lang='lat' dir='ltr'>Fertur</span> <span class='ocrx_word' id='word_1_27' title='bbox 727 823 832 886; x_wconf 80' lang='lat' dir='ltr'>etiam</span> <span class='ocrx_word' id='word_1_28' title='bbox 854 830 1024 914; x_wconf 76' lang='lat' dir='ltr'>tragicum</span> <span class='ocrx_word' id='word_1_29' title='bbox 1054 834 1192 900; x_wconf 78' lang='lat' dir='ltr'>modum</span> <span class='ocrx_word' id='word_1_30' title='bbox 1225 834 1285 900; x_wconf 84' lang='lat' dir='ltr'>in..</span> 
     </span>
     <span class='ocr_line' id='line_1_6' title="bbox 191 940 1286 1032; baseline -0.007 -20"><span class='ocrx_word' id='word_1_31' title='bbox 191 1006 194 1019; x_wconf 76' lang='grc'><strong><em>,</em></strong></span> <span class='ocrx_word' id='word_1_32' title='bbox 253 949 388 1032; x_wconf 76' lang='lat' dir='ltr'>venisse,</span> <span class='ocrx_word' id='word_1_33' title='bbox 434 944 546 1028; x_wconf 80' lang='lat' dir='ltr'>itaque</span> <span class='ocrx_word' id='word_1_34' title='bbox 590 941 784 1005; x_wconf 81' lang='lat' dir='ltr'>nominasse</span> <span class='ocrx_word' id='word_1_35' title='bbox 819 940 868 1017; x_wconf 77' lang='lat' dir='ltr'>id,</span> <span class='ocrx_word' id='word_1_36' title='bbox 906 947 994 1028; x_wconf 79' lang='lat' dir='ltr'>quod</span> <span class='ocrx_word' id='word_1_37' title='bbox 1036 972 1058 1013; x_wconf 87' lang='lat' dir='ltr'>n</span> <span class='ocrx_word' id='word_1_38' title='bbox 1094 953 1192 1017; x_wconf 80' lang='lat' dir='ltr'>choro</span> <span class='ocrx_word' id='word_1_39' title='bbox 1227 975 1286 1018; x_wconf 89' lang='lat' dir='ltr'>cn.</span> 
     </span>
     <span class='ocr_line' id='line_1_7' title="bbox 251 1057 1284 1154; baseline 0.008 -28"><span class='ocrx_word' id='word_1_40' title='bbox 251 1076 406 1144; x_wconf 56' lang='lat' dir='ltr'>neretum</span> <span class='ocrx_word' id='word_1_41' title='bbox 428 1058 549 1146; x_wconf 91' lang='lat' dir='ltr'>quibus</span> <span class='ocrx_word' id='word_1_42' title='bbox 576 1068 744 1146; x_wconf 85' lang='lat' dir='ltr'>praeterea</span> <span class='ocrx_word' id='word_1_43' title='bbox 779 1057 860 1120; x_wconf 85' lang='lat' dir='ltr'>baec</span> <span class='ocrx_word' id='word_1_44' title='bbox 886 1058 992 1141; x_wconf 87' lang='lat' dir='ltr'>addit,</span> <span class='ocrx_word' id='word_1_45' title='bbox 1014 1063 1049 1126; x_wconf 92' lang='lat' dir='ltr'>in</span> <span class='ocrx_word' id='word_1_46' title='bbox 1075 1065 1139 1131; x_wconf 85' lang='lat' dir='ltr'>hac</span> <span class='ocrx_word' id='word_1_47' title='bbox 1161 1092 1284 1154; x_wconf 90' lang='lat' dir='ltr'>quaes·</span> 
     </span>
     <span class='ocr_line' id='line_1_8' title="bbox 251 1170 1285 1260; baseline 0.008 -15"><span class='ocrx_word' id='word_1_48' title='bbox 251 1172 342 1245; x_wconf 88' lang='lat' dir='ltr'>tione</span> <span class='ocrx_word' id='word_1_49' title='bbox 398 1176 540 1242; x_wconf 87' lang='lat' dir='ltr'>minime</span> <span class='ocrx_word' id='word_1_50' title='bbox 588 1170 848 1240; x_wconf 74' lang='lat' dir='ltr'>contemnenda:</span> <span class='ocrx_word' id='word_1_51' title='bbox 891 1186 924 1238; x_wconf 82' lang='lat' dir='ltr'>et</span> <span class='ocrx_word' id='word_1_52' title='bbox 948 1188 1075 1260; x_wconf 78' lang='lat' dir='ltr'>satyros</span> <span class='ocrx_word' id='word_1_53' title='bbox 1112 1183 1285 1253; x_wconf 78' lang='lat' dir='ltr'>induxisse</span> 
     </span>
     <span class='ocr_line' id='line_1_9' title="bbox 146 1267 1285 1382; baseline 0.007 -19"><span class='ocrx_word' id='word_1_54' title='bbox 146 1371 150 1376; x_wconf 56' lang='grc'>,</span> <span class='ocrx_word' id='word_1_55' title='bbox 252 1297 378 1363; x_wconf 80' lang='lat' dir='ltr'>dicitur</span> <span class='ocrx_word' id='word_1_56' title='bbox 393 1293 538 1367; x_wconf 74' lang='lat' dir='ltr'>versibus</span> <span class='ocrx_word' id='word_1_57' title='bbox 561 1295 732 1382; x_wconf 79' lang='lat' dir='ltr'>loquentes.</span> <span class='ocrx_word' id='word_1_58' title='bbox 764 1267 979 1381; x_wconf 74' lang='lat' dir='ltr'>inquibus,</span> <span class='ocrx_word' id='word_1_59' title='bbox 1003 1295 1094 1382; x_wconf 89' lang='lat' dir='ltr'>quod</span> <span class='ocrx_word' id='word_1_60' title='bbox 1116 1297 1227 1366; x_wconf 87' lang='lat' dir='ltr'>Arion</span> <span class='ocrx_word' id='word_1_61' title='bbox 1251 1317 1285 1370; x_wconf 85' lang='lat' dir='ltr'>et</span> 
     </span>
     <span class='ocr_line' id='line_1_10' title="bbox 249 1403 1281 1504; baseline 0.003 -24"><span class='ocrx_word' id='word_1_62' title='bbox 249 1417 394 1481; x_wconf 87' lang='lat' dir='ltr'>chorum</span> <span class='ocrx_word' id='word_1_63' title='bbox 411 1403 608 1499; x_wconf 61' lang='lat' dir='ltr'>instituisse,</span> <span class='ocrx_word' id='word_1_64' title='bbox 632 1425 663 1478; x_wconf 84' lang='lat' dir='ltr'>et</span> <span class='ocrx_word' id='word_1_65' title='bbox 681 1413 776 1479; x_wconf 90' lang='lat' dir='ltr'>chori</span> <span class='ocrx_word' id='word_1_66' title='bbox 801 1413 901 1478; x_wconf 89' lang='lat' dir='ltr'>buius</span> <span class='ocrx_word' id='word_1_67' title='bbox 922 1412 1072 1479; x_wconf 78' lang='lat' dir='ltr'>cantibus</span> <span class='ocrx_word' id='word_1_68' title='bbox 1089 1414 1281 1504; x_wconf 88' lang='lat' dir='ltr'>dithyram-</span> 
     </span>
     <span class='ocr_line' id='line_1_11' title="bbox 247 1521 1279 1623; baseline 0 -23"><span class='ocrx_word' id='word_1_69' title='bbox 247 1534 284 1600; x_wconf 95' lang='lat' dir='ltr'>bi</span> <span class='ocrx_word' id='word_1_70' title='bbox 310 1534 437 1600; x_wconf 84' lang='lat' dir='ltr'>dedisse</span> <span class='ocrx_word' id='word_1_71' title='bbox 454 1521 583 1600; x_wconf 78' lang='lat' dir='ltr'>nomen</span> <span class='ocrx_word' id='word_1_72' title='bbox 601 1533 741 1620; x_wconf 90' lang='lat' dir='ltr'>dicitur,</span> <span class='ocrx_word' id='word_1_73' title='bbox 765 1533 839 1623; x_wconf 91' lang='lat' dir='ltr'>quis</span> <span class='ocrx_word' id='word_1_74' title='bbox 864 1557 933 1600; x_wconf 89' lang='lat' dir='ltr'>non</span> <span class='ocrx_word' id='word_1_75' title='bbox 955 1535 1084 1620; x_wconf 84' lang='lat' dir='ltr'>videat,</span> <span class='ocrx_word' id='word_1_76' title='bbox 1108 1555 1209 1621; x_wconf 86' lang='lat' dir='ltr'>quam</span> <span class='ocrx_word' id='word_1_77' title='bbox 1236 1537 1279 1600; x_wconf 93' lang='lat' dir='ltr'>ad</span> 
     </span>
     <span class='ocr_line' id='line_1_12' title="bbox 194 1636 1287 1744; baseline 0 -23"><span class='ocrx_word' id='word_1_78' title='bbox 194 1686 198 1694; x_wconf 65' lang='lat'>¹</span> <span class='ocrx_word' id='word_1_79' title='bbox 246 1653 465 1724; x_wconf 88' lang='lat' dir='ltr'>Herodotum</span> <span class='ocrx_word' id='word_1_80' title='bbox 489 1654 727 1744; x_wconf 85' lang='lat' dir='ltr'>explicandum</span> <span class='ocrx_word' id='word_1_81' title='bbox 749 1667 866 1743; x_wconf 90' lang='lat' dir='ltr'>aptum</span> <span class='ocrx_word' id='word_1_82' title='bbox 889 1647 958 1720; x_wconf 84' lang='lat' dir='ltr'>sit?</span> <span class='ocrx_word' id='word_1_83' title='bbox 981 1653 1045 1719; x_wconf 85' lang='lat' dir='ltr'>His</span> <span class='ocrx_word' id='word_1_84' title='bbox 1062 1654 1151 1719; x_wconf 87' lang='lat' dir='ltr'>enim</span> <span class='ocrx_word' id='word_1_85' title='bbox 1171 1636 1287 1722; x_wconf 77' lang='lat' dir='ltr'>Ario-&#39;</span> 
     </span>
    </p>
   </div>
   <div class='ocr_carea' id='block_1_3' title="bbox 247 1761 1279 1977">
    <p class='ocr_par' dir='ltr' id='par_1_3' title="bbox 247 1761 1279 1977">
     <span class='ocr_line' id='line_1_13' title="bbox 247 1761 1279 1862; baseline 0.001 -22"><span class='ocrx_word' id='word_1_86' title='bbox 247 1795 326 1840; x_wconf 87' lang='lat' dir='ltr'>nem</span> <span class='ocrx_word' id='word_1_87' title='bbox 366 1795 438 1839; x_wconf 85' lang='lat' dir='ltr'>non</span> <span class='ocrx_word' id='word_1_88' title='bbox 473 1795 553 1838; x_wconf 84' lang='lat' dir='ltr'>vere</span> <span class='ocrx_word' id='word_1_89' title='bbox 586 1775 753 1838; x_wconf 84' lang='lat' dir='ltr'>invenisse</span> <span class='ocrx_word' id='word_1_90' title='bbox 787 1761 1045 1858; x_wconf 60' lang='lat' dir='ltr'>ditby&#39;rambum</span> <span class='ocrx_word' id='word_1_91' title='bbox 1077 1775 1279 1862; x_wconf 79' lang='lat' dir='ltr'>accipimus3</span> 
     </span>
     <span class='ocr_line' id='line_1_14' title="bbox 248 1876 1279 1977; baseline -0.004 -19"><span class='ocrx_word' id='word_1_92' title='bbox 248 1890 307 1958; x_wconf 83' lang='lat' dir='ltr'>sed</span> <span class='ocrx_word' id='word_1_93' title='bbox 332 1887 568 1955; x_wconf 82' lang='lat' dir='ltr'>tantummodo</span> <span class='ocrx_word' id='word_1_94' title='bbox 587 1886 728 1950; x_wconf 79' lang='lat' dir='ltr'>saltandi</span> <span class='ocrx_word' id='word_1_95' title='bbox 745 1876 981 1952; x_wconf 75' lang='lat' dir='ltr'>eius‘formam</span> <span class='ocrx_word' id='word_1_96' title='bbox 1006 1910 1129 1953; x_wconf 87' lang='lat' dir='ltr'>novam</span> <span class='ocrx_word' id='word_1_97' title='bbox 1153 1889 1279 1977; x_wconf 84' lang='lat' dir='ltr'>fecisse,</span> 
     </span>
    </p>
   </div>
   <div class='ocr_carea' id='block_1_4' title="bbox 234 2002 1280 3766">
    <p class='ocr_par' dir='ltr' id='par_1_4' title="bbox 234 2002 1280 3766">
     <span class='ocr_line' id='line_1_15' title="bbox 242 2002 1277 2096; baseline -0.004 -21"><span class='ocrx_word' id='word_1_98' title='bbox 242 2011 424 2096; x_wconf 87' lang='lat' dir='ltr'>ipsumque</span> <span class='ocrx_word' id='word_1_99' title='bbox 446 2017 570 2070; x_wconf 77' lang='lat' dir='ltr'>nomen</span> <span class='ocrx_word' id='word_1_100' title='bbox 595 2002 794 2068; x_wconf 79' lang='lat' dir='ltr'>certioribus</span> <span class='ocrx_word' id='word_1_101' title='bbox 824 2003 1119 2091; x_wconf 84' lang='lat' dir='ltr'>circumscripsisse</span> <span class='ocrx_word' id='word_1_102' title='bbox 1152 2005 1277 2071; x_wconf 87' lang='lat' dir='ltr'>finibus</span> 
     </span>
     <span class='ocr_line' id='line_1_16' title="bbox 248 2123 1278 2210; baseline -0.002 -18"><span class='ocrx_word' id='word_1_103' title='bbox 248 2127 421 2192; x_wconf 86' lang='lat' dir='ltr'>docemur.</span> <span class='ocrx_word' id='word_1_104' title='bbox 464 2123 568 2201; x_wconf 83' lang='lat' dir='ltr'>Quod</span> <span class='ocrx_word' id='word_1_105' title='bbox 591 2132 793 2208; x_wconf 88' lang='lat' dir='ltr'>utrumque,</span> <span class='ocrx_word' id='word_1_106' title='bbox 816 2145 895 2189; x_wconf 88' lang='lat' dir='ltr'>oum</span> <span class='ocrx_word' id='word_1_107' title='bbox 919 2145 1043 2210; x_wconf 88' lang='lat' dir='ltr'>parum</span> <span class='ocrx_word' id='word_1_108' title='bbox 1068 2133 1196 2188; x_wconf 87' lang='lat' dir='ltr'>veteres</span> <span class='ocrx_word' id='word_1_109' title='bbox 1217 2126 1278 2190; x_wconf 86' lang='lat' dir='ltr'>dc-</span> 
     </span>
     <span class='ocr_line' id='line_1_17' title="bbox 245 2233 1276 2332; baseline 0.001 -21"><span class='ocrx_word' id='word_1_110' title='bbox 245 2233 415 2330; x_wconf 75' lang='lat' dir='ltr'>finierint,</span> <span class='ocrx_word' id='word_1_111' title='bbox 440 2242 537 2330; x_wconf 89' lang='lat' dir='ltr'>quale</span> <span class='ocrx_word' id='word_1_112' title='bbox 553 2239 675 2332; x_wconf 83' lang='lat' dir='ltr'>fuerit,</span> <span class='ocrx_word' id='word_1_113' title='bbox 698 2239 795 2306; x_wconf 88' lang='lat' dir='ltr'>facile</span> <span class='ocrx_word' id='word_1_114' title='bbox 823 2246 953 2332; x_wconf 81' lang='lat' dir='ltr'>assequi</span> <span class='ocrx_word' id='word_1_115' title='bbox 969 2241 1180 2310; x_wconf 89' lang='lat' dir='ltr'>coniiciendo</span> <span class='ocrx_word' id='word_1_116' title='bbox 1200 2267 1276 2332; x_wconf 84' lang='lat' dir='ltr'>pos·</span> 
     </span>
     <span class='ocr_line' id='line_1_18' title="bbox 248 2362 1276 2452; baseline 0 -22"><span class='ocrx_word' id='word_1_117' title='bbox 248 2385 376 2430; x_wconf 88' lang='lat' dir='ltr'>sumus.</span> <span class='ocrx_word' id='word_1_118' title='bbox 421 2363 596 2449; x_wconf 81' lang='lat' dir='ltr'>Namque,</span> <span class='ocrx_word' id='word_1_119' title='bbox 626 2367 666 2426; x_wconf 85' lang='lat' dir='ltr'>ut</span> <span class='ocrx_word' id='word_1_120' title='bbox 690 2362 803 2426; x_wconf 89' lang='lat' dir='ltr'>omnis</span> <span class='ocrx_word' id='word_1_121' title='bbox 828 2363 938 2449; x_wconf 86' lang='lat' dir='ltr'>poesis</span> <span class='ocrx_word' id='word_1_122' title='bbox 967 2362 1064 2429; x_wconf 89' lang='lat' dir='ltr'>initio</span> <span class='ocrx_word' id='word_1_123' title='bbox 1090 2384 1159 2428; x_wconf 89' lang='lat' dir='ltr'>non</span> <span class='ocrx_word' id='word_1_124' title='bbox 1190 2364 1276 2452; x_wconf 81' lang='lat' dir='ltr'>legi·</span> 
     </span>
     <span class='ocr_line' id='line_1_19' title="bbox 244 2479 1275 2572; baseline 0.003 -25"><span class='ocrx_word' id='word_1_125' title='bbox 244 2482 307 2547; x_wconf 91' lang='lat' dir='ltr'>bus</span> <span class='ocrx_word' id='word_1_126' title='bbox 324 2480 502 2567; x_wconf 86' lang='lat' dir='ltr'>regebatur</span> <span class='ocrx_word' id='word_1_127' title='bbox 534 2479 652 2567; x_wconf 78' lang='lat' dir='ltr'>certis3</span> <span class='ocrx_word' id='word_1_128' title='bbox 680 2481 737 2546; x_wconf 86' lang='lat' dir='ltr'>sed</span> <span class='ocrx_word' id='word_1_129' title='bbox 761 2481 871 2550; x_wconf 89' lang='lat' dir='ltr'>libero</span> <span class='ocrx_word' id='word_1_130' title='bbox 897 2482 1002 2548; x_wconf 87' lang='lat' dir='ltr'>animi</span> <span class='ocrx_word' id='word_1_131' title='bbox 1027 2493 1128 2572; x_wconf 81' lang='lat' dir='ltr'>atque</span> <span class='ocrx_word' id='word_1_132' title='bbox 1150 2483 1275 2570; x_wconf 85' lang='lat' dir='ltr'>ingenii</span> 
     </span>
     <span class='ocr_line' id='line_1_20' title="bbox 243 2599 1279 2697; baseline 0.004 -33"><span class='ocrx_word' id='word_1_133' title='bbox 243 2600 373 2688; x_wconf 89' lang='lat' dir='ltr'>impetu</span> <span class='ocrx_word' id='word_1_134' title='bbox 399 2599 650 2666; x_wconf 85' lang='lat' dir='ltr'>effundebatur:</span> <span class='ocrx_word' id='word_1_135' title='bbox 675 2603 721 2668; x_wconf 87' lang='lat' dir='ltr'>sic</span> <span class='ocrx_word' id='word_1_136' title='bbox 735 2603 969 2694; x_wconf 84' lang='lat' dir='ltr'>dithyrambos</span> <span class='ocrx_word' id='word_1_137' title='bbox 994 2601 1085 2668; x_wconf 90' lang='lat' dir='ltr'>baud</span> <span class='ocrx_word' id='word_1_138' title='bbox 1103 2603 1204 2669; x_wconf 89' lang='lat' dir='ltr'>dubie</span> <span class='ocrx_word' id='word_1_139' title='bbox 1221 2627 1279 2697; x_wconf 86' lang='lat' dir='ltr'>so·¹</span> 
     </span>
     <span class='ocr_line' id='line_1_21' title="bbox 239 2720 1273 2811; baseline 0.002 -25"><span class='ocrx_word' id='word_1_140' title='bbox 239 2720 404 2786; x_wconf 78' lang='lat' dir='ltr'>latissime</span> <span class='ocrx_word' id='word_1_141' title='bbox 420 2721 584 2788; x_wconf 73' lang='lat' dir='ltr'>canebant</span> <span class='ocrx_word' id='word_1_142' title='bbox 606 2721 770 2811; x_wconf 86' lang='lat' dir='ltr'>homines,</span> <span class='ocrx_word' id='word_1_143' title='bbox 793 2723 989 2790; x_wconf 80' lang='lat' dir='ltr'>bacchantes</span> <span class='ocrx_word' id='word_1_144' title='bbox 1008 2721 1062 2786; x_wconf 90' lang='lat' dir='ltr'>illi</span> <span class='ocrx_word' id='word_1_145' title='bbox 1086 2732 1118 2808; x_wconf 85' lang='lat' dir='ltr'>et</span> <span class='ocrx_word' id='word_1_146' title='bbox 1133 2744 1273 2809; x_wconf 86' lang='lat' dir='ltr'>prorsus</span> 
     </span>
     <span class='ocr_line' id='line_1_22' title="bbox 241 2838 1273 2930; baseline -0.003 -24"><span class='ocrx_word' id='word_1_147' title='bbox 241 2839 430 2908; x_wconf 84' lang='lat' dir='ltr'>furibundi.</span> <span class='ocrx_word' id='word_1_148' title='bbox 473 2841 591 2908; x_wconf 83' lang='lat' dir='ltr'>Postea</span> <span class='ocrx_word' id='word_1_149' title='bbox 617 2865 715 2930; x_wconf 85' lang='lat' dir='ltr'>vcro,</span> <span class='ocrx_word' id='word_1_150' title='bbox 738 2867 817 2912; x_wconf 90' lang='lat' dir='ltr'>cum</span> <span class='ocrx_word' id='word_1_151' title='bbox 842 2857 875 2910; x_wconf 89' lang='lat' dir='ltr'>ct</span> <span class='ocrx_word' id='word_1_152' title='bbox 900 2863 1013 2909; x_wconf 89' lang='lat' dir='ltr'>mores</span> <span class='ocrx_word' id='word_1_153' title='bbox 1037 2838 1273 2904; x_wconf 77' lang='lat' dir='ltr'>emollirentur</span> 
     </span>
     <span class='ocr_line' id='line_1_23' title="bbox 238 2955 1272 3047; baseline -0.003 -23"><span class='ocrx_word' id='word_1_154' title='bbox 238 2959 346 3040; x_wconf 83' lang='lat' dir='ltr'>magis</span> <span class='ocrx_word' id='word_1_155' title='bbox 365 2971 396 3022; x_wconf 97' lang='lat' dir='ltr'>et</span> <span class='ocrx_word' id='word_1_156' title='bbox 406 2958 654 3047; x_wconf 80' lang='lat' dir='ltr'>dithyrambos,</span> <span class='ocrx_word' id='word_1_157' title='bbox 677 2960 854 3026; x_wconf 89' lang='lat' dir='ltr'>deflectens</span> <span class='ocrx_word' id='word_1_158' title='bbox 870 2960 911 3024; x_wconf 88' lang='lat' dir='ltr'>de</span> <span class='ocrx_word' id='word_1_159' title='bbox 928 2970 1046 3024; x_wconf 84' lang='lat' dir='ltr'>natura</span> <span class='ocrx_word' id='word_1_160' title='bbox 1059 2955 1174 3040; x_wconf 83' lang='lat' dir='ltr'>sua‚in</span> <span class='ocrx_word' id='word_1_161' title='bbox 1191 2957 1272 3022; x_wconf 87' lang='lat' dir='ltr'>alio·</span> 
     </span>
     <span class='ocr_line' id='line_1_24' title="bbox 237 3073 1269 3163; baseline -0.002 -19"><span class='ocrx_word' id='word_1_162' title='bbox 237 3099 317 3145; x_wconf 86' lang='lat' dir='ltr'>rum</span> <span class='ocrx_word' id='word_1_163' title='bbox 349 3097 485 3163; x_wconf 89' lang='lat' dir='ltr'>quoque</span> <span class='ocrx_word' id='word_1_164' title='bbox 514 3075 657 3140; x_wconf 87' lang='lat' dir='ltr'>deornm</span> <span class='ocrx_word' id='word_1_165' title='bbox 676 3075 894 3162; x_wconf 77' lang='lat' dir='ltr'>beccumque</span> <span class='ocrx_word' id='word_1_166' title='bbox 908 3074 1023 3140; x_wconf 86' lang='lat' dir='ltr'>laudes</span> <span class='ocrx_word' id='word_1_167' title='bbox 1038 3073 1209 3140; x_wconf 83' lang='lat' dir='ltr'>ederetur:</span> <span class='ocrx_word' id='word_1_168' title='bbox 1233 3075 1269 3141; x_wconf 89' lang='lat' dir='ltr'>iu</span> 
     </span>
     <span class='ocr_line' id='line_1_25' title="bbox 237 3191 1268 3282; baseline -0.001 -20"><span class='ocrx_word' id='word_1_169' title='bbox 237 3218 277 3262; x_wconf 88' lang='lat' dir='ltr'>oo</span> <span class='ocrx_word' id='word_1_170' title='bbox 309 3193 457 3259; x_wconf 86' lang='lat' dir='ltr'>canendo</span> <span class='ocrx_word' id='word_1_171' title='bbox 488 3205 563 3258; x_wconf 86' lang='lat' dir='ltr'>tum</span> <span class='ocrx_word' id='word_1_172' title='bbox 579 3192 745 3260; x_wconf 80' lang='lat' dir='ltr'>diversam</span> <span class='ocrx_word' id='word_1_173' title='bbox 770 3216 789 3258; x_wconf 91' lang='lat' dir='ltr'>a</span> <span class='ocrx_word' id='word_1_174' title='bbox 809 3194 935 3282; x_wconf 88' lang='lat' dir='ltr'>priori,</span> <span class='ocrx_word' id='word_1_175' title='bbox 958 3205 1033 3256; x_wconf 88' lang='lat' dir='ltr'>tum</span> <span class='ocrx_word' id='word_1_176' title='bbox 1062 3191 1141 3258; x_wconf 84' lang='lat' dir='ltr'>alias</span> <span class='ocrx_word' id='word_1_177' title='bbox 1166 3192 1268 3261; x_wconf 85' lang='lat' dir='ltr'>aliam</span> 
     </span>
     <span class='ocr_line' id='line_1_26' title="bbox 237 3309 1269 3401; baseline -0.002 -19"><span class='ocrx_word' id='word_1_178' title='bbox 237 3315 403 3382; x_wconf 87' lang='lat' dir='ltr'>rationem</span> <span class='ocrx_word' id='word_1_179' title='bbox 430 3311 662 3396; x_wconf 80' lang='lat' dir='ltr'>sequebantur.</span> <span class='ocrx_word' id='word_1_180' title='bbox 705 3309 745 3376; x_wconf 92' lang='lat' dir='ltr'>In</span> <span class='ocrx_word' id='word_1_181' title='bbox 774 3335 840 3399; x_wconf 89' lang='lat' dir='ltr'>quo</span> <span class='ocrx_word' id='word_1_182' title='bbox 857 3312 1042 3377; x_wconf 81' lang='lat' dir='ltr'>accuratius</span> <span class='ocrx_word' id='word_1_183' title='bbox 1068 3314 1269 3401; x_wconf 88' lang='lat' dir='ltr'>perquiren-</span> 
     </span>
     <span class='ocr_line' id='line_1_27' title="bbox 238 3429 1269 3518; baseline -0.004 -18"><span class='ocrx_word' id='word_1_184' title='bbox 238 3435 282 3500; x_wconf 88' lang='lat' dir='ltr'>do</span> <span class='ocrx_word' id='word_1_185' title='bbox 313 3452 422 3518; x_wconf 85' lang='lat' dir='ltr'>neque</span> <span class='ocrx_word' id='word_1_186' title='bbox 447 3451 569 3496; x_wconf 86' lang='lat' dir='ltr'>nemus</span> <span class='ocrx_word' id='word_1_187' title='bbox 586 3429 800 3515; x_wconf 84' lang='lat' dir='ltr'>negligendus</span> <span class='ocrx_word' id='word_1_188' title='bbox 825 3429 944 3517; x_wconf 84' lang='lat' dir='ltr'>fuerit,</span> <span class='ocrx_word' id='word_1_189' title='bbox 967 3451 1046 3498; x_wconf 83' lang='lat' dir='ltr'>curo</span> <span class='ocrx_word' id='word_1_190' title='bbox 1073 3430 1269 3518; x_wconf 80' lang='lat' dir='ltr'>dithyram-</span> 
     </span>
     <span class='ocr_line' id='line_1_28' title="bbox 234 3549 1268 3640; baseline -0.001 -23"><span class='ocrx_word' id='word_1_191' title='bbox 234 3553 279 3617; x_wconf 94' lang='lat' dir='ltr'>bo</span> <span class='ocrx_word' id='word_1_192' title='bbox 300 3549 492 3638; x_wconf 86' lang='lat' dir='ltr'>saepissime</span> <span class='ocrx_word' id='word_1_193' title='bbox 530 3560 560 3613; x_wconf 84' lang='lat' dir='ltr'>et</span> <span class='ocrx_word' id='word_1_194' title='bbox 585 3560 788 3614; x_wconf 86' lang='lat' dir='ltr'>memoratus</span> <span class='ocrx_word' id='word_1_195' title='bbox 820 3550 1026 3614; x_wconf 83' lang='lat' dir='ltr'>coniunctim</span> <span class='ocrx_word' id='word_1_196' title='bbox 1058 3561 1090 3616; x_wconf 91' lang='lat' dir='ltr'>et</span> <span class='ocrx_word' id='word_1_197' title='bbox 1129 3573 1268 3640; x_wconf 90' lang='lat' dir='ltr'>compa·</span> 
     </span>
     <span class='ocr_line' id='line_1_29' title="bbox 234 3666 1280 3766; baseline -0.008 -26"><span class='ocrx_word' id='word_1_198' title='bbox 234 3682 329 3766; x_wconf 79' lang='lat' dir='ltr'>ratus</span> <span class='ocrx_word' id='word_1_199' title='bbox 350 3681 383 3736; x_wconf 84' lang='lat' dir='ltr'>et</span> <span class='ocrx_word' id='word_1_200' title='bbox 407 3666 556 3736; x_wconf 87' lang='lat' dir='ltr'>nominis</span> <span class='ocrx_word' id='word_1_201' title='bbox 580 3669 822 3738; x_wconf 85' lang='lat' dir='ltr'>commuuione</span> <span class='ocrx_word' id='word_1_202' title='bbox 847 3669 989 3758; x_wconf 85' lang='lat' dir='ltr'>quadam</span> <span class='ocrx_word' id='word_1_203' title='bbox 1015 3676 1118 3738; x_wconf 83' lang='lat' dir='ltr'>etism</span> <span class='ocrx_word' id='word_1_204' title='bbox 1142 3672 1280 3739; x_wconf 65' lang='lat' dir='ltr'>consu,</span> 
     </span>
    </p>
   </div>
   <div class='ocr_carea' id='block_1_5' title="bbox 234 3891 436 3961">
    <p class='ocr_par' dir='ltr' id='par_1_5' title="bbox 234 3891 436 3961">
     <span class='ocr_line' id='line_1_30' title="bbox 234 3891 436 3961; baseline -0.025 -12"><span class='ocrx_word' id='word_1_205' title='bbox 234 3895 259 3961; x_wconf 78' lang='grc' dir='ltr'>ι)</span> <span class='ocrx_word' id='word_1_206' title='bbox 292 3893 327 3945; x_wconf 81' lang='lat' dir='ltr'>V.</span> <span class='ocrx_word' id='word_1_207' title='bbox 344 3891 436 3946; x_wconf 83' lang='lat' dir='ltr'>Arion.</span> 
     </span>
    </p>
   </div>
   <div class='ocr_carea' id='block_1_6' title="bbox 1374 717 1424 856">
    <p class='ocr_par' dir='ltr' id='par_1_6' title="bbox 1374 717 1424 856">
     <span class='ocr_line' id='line_1_31' title="bbox 1374 717 1424 856; baseline 0 0"><span class='ocrx_word' id='word_1_208' title='bbox 1374 717 1377 730; x_wconf 77' lang='grc'><strong>’</strong></span> <span class='ocrx_word' id='word_1_209' title='bbox 1420 734 1424 856; x_wconf 81' lang='grc' dir='ltr'>Ι</span> 
     </span>
    </p>
   </div>
   <div class='ocr_carea' id='block_1_7' title="bbox 0 0 1442 4704">
    <p class='ocr_par' dir='ltr' id='par_1_7' title="bbox 0 0 1442 4704">
     <span class='ocr_line' id='line_1_32' title="bbox 0 0 1442 4704; baseline 0 6"><span class='ocrx_word' id='word_1_210' title='bbox 0 0 1442 4704; x_wconf 95' lang='lat' dir='ltr'> </span> 
     </span>
    </p>
   </div>
  </div>
 </body>
</html>
