<?xml version="1.0" encoding="UTF-8"?>
<!DOCTYPE html PUBLIC "-//W3C//DTD XHTML 1.0 Transitional//EN"
    "http://www.w3.org/TR/xhtml1/DTD/xhtml1-transitional.dtd">
<html xmlns="http://www.w3.org/1999/xhtml" xml:lang="en" lang="en">
 <head>
  <title>
</title>
<meta http-equiv="Content-Type" content="text/html;charset=utf-8" />
  <meta name='ocr-system' content='tesseract 3.04.00' />
  <meta name='ocr-capabilities' content='ocr_page ocr_carea ocr_par ocr_line ocrx_word'/>
</head>
<body>
  <div class='ocr_page' id='page_1' title='image "./sophocleaequaes00jacogoog_0015.png"; bbox 0 0 2876 4704; ppageno 0'>
   <div class='ocr_carea' id='block_1_1' title="bbox 179 339 1305 2841">
    <p class='ocr_par' dir='ltr' id='par_1_1' title="bbox 179 339 1305 2841">
     <span class='ocr_line' id='line_1_1' title="bbox 224 339 277 411; baseline 0 -11"><span class='ocrx_word' id='word_1_1' title='bbox 224 339 277 411; x_wconf 79' lang='grc'><strong>10</strong></span> 
     </span>
     <span class='ocr_line' id='line_1_2' title="bbox 218 489 1245 586; baseline 0.003 -25"><span class='ocrx_word' id='word_1_2' title='bbox 218 489 397 561; x_wconf 80' lang='lat' dir='ltr'><strong>nitendum</strong></span> <span class='ocrx_word' id='word_1_3' title='bbox 419 490 531 562; x_wconf 72' lang='lat' dir='ltr'><strong>lernen</strong></span> <span class='ocrx_word' id='word_1_4' title='bbox 546 502 611 580; x_wconf 85' lang='lat' dir='ltr'><strong>pr&#39;o</strong></span> <span class='ocrx_word' id='word_1_5' title='bbox 629 491 760 562; x_wconf 66' lang='lat' dir='ltr'><strong>viribus·</strong></span> <span class='ocrx_word' id='word_1_6' title='bbox 776 496 926 586; x_wconf 55' lang='lat' dir='ltr'><strong>tuique„</strong></span> <span class='ocrx_word' id='word_1_7' title='bbox 937 498 981 581; x_wconf 66' lang='lat' dir='ltr'><strong>el,</strong></span> <span class='ocrx_word' id='word_1_8' title='bbox 1005 501 1169 584; x_wconf 78' lang='lat' dir='ltr'><strong>quintum</strong></span> <span class='ocrx_word' id='word_1_9' title='bbox 1187 509 1245 564; x_wconf 53' lang='lat' dir='ltr'><strong>as}</strong></span> 
     </span>
     <span class='ocr_line' id='line_1_3' title="bbox 219 611 1262 705; baseline 0.007 -28"><span class='ocrx_word' id='word_1_10' title='bbox 219 611 318 699; x_wconf 85' lang='lat' dir='ltr'><strong>sequi</strong></span> <span class='ocrx_word' id='word_1_11' title='bbox 354 625 476 680; x_wconf 90' lang='lat' dir='ltr'><strong>conatu</strong></span> <span class='ocrx_word' id='word_1_12' title='bbox 505 615 630 702; x_wconf 86' lang='lat' dir='ltr'><strong>possit,</strong></span> <span class='ocrx_word' id='word_1_13' title='bbox 675 613 922 701; x_wconf 84' lang='lat' dir='ltr'><strong>experiendum</strong></span> <span class='ocrx_word' id='word_1_14' title='bbox 962 637 1089 684; x_wconf 86' lang='lat' dir='ltr'><strong>censeo.</strong></span> <span class='ocrx_word' id='word_1_15' title='bbox 1132 615 1262 705; x_wconf 65' lang='lat' dir='ltr'><strong>ltaque,</strong></span> 
     </span>
     <span class='ocr_line' id='line_1_4' title="bbox 218 707 1262 825; baseline -0.001 -22"><span class='ocrx_word' id='word_1_16' title='bbox 218 731 301 803; x_wconf 81' lang='lat' dir='ltr'><strong>fiaes</strong></span> <span class='ocrx_word' id='word_1_17' title='bbox 317 711 436 801; x_wconf 87' lang='lat' dir='ltr'><strong>labori</strong></span> <span class='ocrx_word' id='word_1_18' title='bbox 448 753 525 798; x_wconf 88' lang='lat' dir='ltr'><strong>meo</strong></span> <span class='ocrx_word' id='word_1_19' title='bbox 549 730 749 815; x_wconf 74' lang='lat' dir='ltr'>cogitatione</span> <span class='ocrx_word' id='word_1_20' title='bbox 782 732 919 816; x_wconf 83' lang='lat' dir='ltr'><strong>quidem</strong></span> <span class='ocrx_word' id='word_1_21' title='bbox 943 733 1121 804; x_wconf 85' lang='lat' dir='ltr'><strong>latissimos</strong></span> <span class='ocrx_word' id='word_1_22' title='bbox 1146 707 1262 825; x_wconf 51' lang='lat' dir='ltr'><strong>ponop</strong></span> 
     </span>
     <span class='ocr_line' id='line_1_5' title="bbox 220 846 1253 941; baseline 0.004 -25"><span class='ocrx_word' id='word_1_23' title='bbox 220 863 387 922; x_wconf 85' lang='lat' dir='ltr'><strong>essecutus</strong></span> <span class='ocrx_word' id='word_1_24' title='bbox 410 861 522 918; x_wconf 84' lang='lat' dir='ltr'><strong>autern</strong></span> <span class='ocrx_word' id='word_1_25' title='bbox 547 846 634 914; x_wconf 84' lang='lat' dir='ltr'><strong>mihi</strong></span> <span class='ocrx_word' id='word_1_26' title='bbox 666 870 737 916; x_wconf 87' lang='lat' dir='ltr'><strong>esse</strong></span> <span class='ocrx_word' id='word_1_27' title='bbox 762 869 863 937; x_wconf 85' lang='lat' dir='ltr'><strong>quem</strong></span> <span class='ocrx_word' id='word_1_28' title='bbox 891 851 1081 938; x_wconf 86' lang='lat' dir='ltr'><strong>plurimum</strong></span> <span class='ocrx_word' id='word_1_29' title='bbox 1098 856 1253 941; x_wconf 79' lang='lat' dir='ltr'><strong>videbor,</strong></span> 
     </span>
     <span class='ocr_line' id='line_1_6' title="bbox 218 965 1252 1057; baseline 0.002 -19"><span class='ocrx_word' id='word_1_30' title='bbox 218 971 247 1038; x_wconf 82' lang='lat' dir='ltr'><strong>ai</strong></span> <span class='ocrx_word' id='word_1_31' title='bbox 269 968 433 1038; x_wconf 85' lang='lat' dir='ltr'><strong>nonnulla</strong></span> <span class='ocrx_word' id='word_1_32' title='bbox 458 977 547 1033; x_wconf 81' lang='lat' dir='ltr'><strong>certe</strong></span> <span class='ocrx_word' id='word_1_33' title='bbox 568 966 613 1034; x_wconf 83' lang='lat' dir='ltr'><strong>ite</strong></span> <span class='ocrx_word' id='word_1_34' title='bbox 637 965 866 1054; x_wconf 69' lang='lat' dir='ltr'><strong>explicavero,</strong></span> <span class='ocrx_word' id='word_1_35' title='bbox 889 980 928 1035; x_wconf 88' lang='lat' dir='ltr'><strong>ut</strong></span> <span class='ocrx_word' id='word_1_36' title='bbox 951 968 1175 1057; x_wconf 79' lang='lat' dir='ltr'><strong>intelligentes</strong></span> <span class='ocrx_word' id='word_1_37' title='bbox 1196 976 1252 1040; x_wconf 92' lang='lat' dir='ltr'><strong>iu·</strong></span> 
     </span>
     <span class='ocr_line' id='line_1_7' title="bbox 218 1084 1266 1175; baseline -0.002 -21"><span class='ocrx_word' id='word_1_38' title='bbox 218 1092 327 1175; x_wconf 85' lang='lat' dir='ltr'><strong>atique</strong></span> <span class='ocrx_word' id='word_1_39' title='bbox 352 1088 475 1153; x_wconf 83' lang='lat' dir='ltr'><strong>barum</strong></span> <span class='ocrx_word' id='word_1_40' title='bbox 497 1105 612 1150; x_wconf 88' lang='lat' dir='ltr'><strong>rerum</strong></span> <span class='ocrx_word' id='word_1_41' title='bbox 643 1086 897 1170; x_wconf 75' lang='lat' dir='ltr'><strong>ratiocinatores</strong></span> <span class='ocrx_word' id='word_1_42' title='bbox 918 1084 999 1151; x_wconf 81' lang='lat' dir='ltr'><strong>haec</strong></span> <span class='ocrx_word' id='word_1_43' title='bbox 1025 1089 1134 1168; x_wconf 82' lang='lat' dir='ltr'><strong>studia</strong></span> <span class='ocrx_word' id='word_1_44' title='bbox 1152 1093 1266 1158; x_wconf 87' lang='lat' dir='ltr'><strong>etiam.</strong></span> 
     </span>
     <span class='ocr_line' id='line_1_8' title="bbox 217 1199 1208 1297; baseline 0 -26"><span class='ocrx_word' id='word_1_45' title='bbox 217 1229 279 1297; x_wconf 87' lang='lat' dir='ltr'><strong>par</strong></span> <span class='ocrx_word' id='word_1_46' title='bbox 306 1227 361 1272; x_wconf 87' lang='lat' dir='ltr'><strong>me</strong></span> <span class='ocrx_word' id='word_1_47' title='bbox 382 1215 478 1288; x_wconf 72' lang='lat' dir='ltr'><strong>aucta</strong></span> <span class='ocrx_word' id='word_1_48' title='bbox 506 1203 664 1270; x_wconf 86' lang='lat' dir='ltr'><strong>nonnihil</strong></span> <span class='ocrx_word' id='word_1_49' title='bbox 702 1215 734 1270; x_wconf 92' lang='lat' dir='ltr'><strong>et</strong></span> <span class='ocrx_word' id='word_1_50' title='bbox 759 1203 876 1270; x_wconf 51' lang='lat' dir='ltr'><strong>¹adiuta</strong></span> <span class='ocrx_word' id='word_1_51' title='bbox 910 1199 979 1271; x_wconf 79' lang='lat' dir='ltr'><strong>esse</strong></span> <span class='ocrx_word' id='word_1_52' title='bbox 1004 1205 1208 1271; x_wconf 78' lang='lat' dir='ltr'><strong>existiment.</strong></span> 
     </span>
     <span class='ocr_line' id='line_1_9' title="bbox 319 1321 1261 1408; baseline -0.002 -18"><span class='ocrx_word' id='word_1_53' title='bbox 319 1323 374 1390; x_wconf 82' lang='lat' dir='ltr'><strong>Ao</strong></span> <span class='ocrx_word' id='word_1_54' title='bbox 399 1321 503 1408; x_wconf 89' lang='lat' dir='ltr'><strong>primi</strong></span> <span class='ocrx_word' id='word_1_55' title='bbox 525 1321 662 1408; x_wconf 84' lang='lat' dir='ltr'><strong>quidem</strong></span> <span class='ocrx_word' id='word_1_56' title='bbox 683 1323 783 1388; x_wconf 88' lang='lat' dir='ltr'><strong>huius</strong></span> <span class='ocrx_word' id='word_1_57' title='bbox 813 1321 1080 1408; x_wconf 83' lang='lat' dir='ltr'><strong>Sophoclearum</strong></span> <span class='ocrx_word' id='word_1_58' title='bbox 1101 1323 1261 1408; x_wconf 41' lang='lat' dir='ltr'><strong>quaesti&lt;</strong></span> 
     </span>
     <span class='ocr_line' id='line_1_10' title="bbox 217 1439 1252 1532; baseline -0.003 -25"><span class='ocrx_word' id='word_1_59' title='bbox 217 1463 325 1524; x_wconf 83' lang='lat' dir='ltr'><strong>onum</strong></span> <span class='ocrx_word' id='word_1_60' title='bbox 342 1440 526 1509; x_wconf 86' lang='lat' dir='ltr'><strong>voluminis</strong></span> <span class='ocrx_word' id='word_1_61' title='bbox 541 1439 677 1508; x_wconf 86' lang='lat' dir='ltr'><strong>initium</strong></span> <span class='ocrx_word' id='word_1_62' title='bbox 697 1441 738 1508; x_wconf 87' lang='lat' dir='ltr'><strong>de</strong></span> <span class='ocrx_word' id='word_1_63' title='bbox 755 1439 966 1532; x_wconf 69' lang='lat' dir='ltr'><strong>Tragoedias</strong></span> <span class='ocrx_word' id='word_1_64' title='bbox 981 1439 1115 1527; x_wconf 76' lang='lat' dir='ltr'><strong>origiue</strong></span> <span class='ocrx_word' id='word_1_65' title='bbox 1130 1440 1252 1528; x_wconf 85' lang='lat' dir='ltr'><strong>dispu-</strong></span> 
     </span>
     <span class='ocr_line' id='line_1_11' title="bbox 215 1558 1305 1653; baseline -0.004 -26"><span class='ocrx_word' id='word_1_66' title='bbox 215 1561 296 1631; x_wconf 88' lang='lat' dir='ltr'><strong>tatio</strong></span> <span class='ocrx_word' id='word_1_67' title='bbox 319 1558 418 1647; x_wconf 83' lang='lat' dir='ltr'><strong>facit,</strong></span> <span class='ocrx_word' id='word_1_68' title='bbox 440 1581 582 1648; x_wconf 78' lang='lat' dir='ltr'><strong>comque</strong></span> <span class='ocrx_word' id='word_1_69' title='bbox 616 1561 660 1627; x_wconf 90' lang='lat' dir='ltr'><strong>de</strong></span> <span class='ocrx_word' id='word_1_70' title='bbox 689 1560 912 1653; x_wconf 78' lang='lat' dir='ltr'><strong>Tragicorum</strong></span> <span class='ocrx_word' id='word_1_71' title='bbox 944 1561 1147 1628; x_wconf 83' lang='lat' dir='ltr'><strong>Graecorum</strong></span> <span class='ocrx_word' id='word_1_72' title='bbox 1172 1581 1249 1624; x_wconf 87' lang='lat' dir='ltr'><strong>cum</strong></span> <span class='ocrx_word' id='word_1_73' title='bbox 1302 1599 1305 1604; x_wconf 92' lang='lat'><em>-</em></span> 
     </span>
     <span class='ocr_line' id='line_1_12' title="bbox 179 1661 1248 1774; baseline 0.004 -28"><span class='ocrx_word' id='word_1_74' title='bbox 179 1681 184 1692; x_wconf 90' lang='lat'>&#39;</span> <span class='ocrx_word' id='word_1_75' title='bbox 214 1680 401 1774; x_wconf 65' lang='lat' dir='ltr'><strong>Republica</strong></span> <span class='ocrx_word' id='word_1_76' title='bbox 417 1679 658 1750; x_wconf 70' lang='lat' dir='ltr'><strong>necessitudine</strong></span> <span class='ocrx_word' id='word_1_77' title='bbox 674 1681 825 1768; x_wconf 83' lang='lat' dir='ltr'><strong>quaestio</strong></span> <span class='ocrx_word' id='word_1_78' title='bbox 844 1681 1007 1768; x_wconf 86' lang='lat' dir='ltr'><strong>sequitur,</strong></span> <span class='ocrx_word' id='word_1_79' title='bbox 1024 1680 1139 1746; x_wconf 89' lang='lat' dir='ltr'><strong>eadem</strong></span> <span class='ocrx_word' id='word_1_80' title='bbox 1155 1661 1248 1750; x_wconf 81' lang='lat' dir='ltr'><strong>mett·</strong></span> 
     </span>
     <span class='ocr_line' id='line_1_13' title="bbox 216 1786 1250 1888; baseline -0.001 -23"><span class='ocrx_word' id='word_1_81' title='bbox 216 1809 250 1866; x_wconf 90' lang='lat' dir='ltr'><strong>te</strong></span> <span class='ocrx_word' id='word_1_82' title='bbox 269 1813 414 1888; x_wconf 83' lang='lat' dir='ltr'><strong>utraque</strong></span> <span class='ocrx_word' id='word_1_83' title='bbox 444 1799 500 1865; x_wconf 89' lang='lat' dir='ltr'><strong>hio</strong></span> <span class='ocrx_word' id='word_1_84' title='bbox 525 1799 695 1887; x_wconf 83' lang='lat' dir='ltr'><strong>apposito,</strong></span> <span class='ocrx_word' id='word_1_85' title='bbox 720 1821 786 1884; x_wconf 90' lang='lat' dir='ltr'><strong>qua</strong></span> <span class='ocrx_word' id='word_1_86' title='bbox 808 1801 909 1873; x_wconf 78' lang='lat' dir='ltr'><strong>etiam</strong></span> <span class='ocrx_word' id='word_1_87' title='bbox 940 1811 1073 1886; x_wconf 86' lang='lat' dir='ltr'><strong>postea,</strong></span> <span class='ocrx_word' id='word_1_88' title='bbox 1095 1800 1122 1864; x_wconf 86' lang='lat' dir='ltr'><strong>si</strong></span> <span class='ocrx_word' id='word_1_89' title='bbox 1139 1786 1250 1864; x_wconf 89' lang='lat' dir='ltr'><strong>conti·</strong></span> 
     </span>
     <span class='ocr_line' id='line_1_14' title="bbox 215 1914 1248 2006; baseline -0.004 -22"><span class='ocrx_word' id='word_1_90' title='bbox 215 1939 322 1990; x_wconf 81' lang='lat' dir='ltr'><strong>nuere</strong></span> <span class='ocrx_word' id='word_1_91' title='bbox 345 1937 431 2004; x_wconf 90' lang='lat' dir='ltr'><strong>opus</strong></span> <span class='ocrx_word' id='word_1_92' title='bbox 450 1915 648 1984; x_wconf 81' lang='lat' dir='ltr'><strong>inchoatum</strong></span> <span class='ocrx_word' id='word_1_93' title='bbox 663 1915 785 2004; x_wconf 87' lang='lat' dir='ltr'><strong>licebit,</strong></span> <span class='ocrx_word' id='word_1_94' title='bbox 808 1917 914 2006; x_wconf 88' lang='lat' dir='ltr'><strong>ipsius</strong></span> <span class='ocrx_word' id='word_1_95' title='bbox 933 1914 1108 2005; x_wconf 84' lang='lat' dir='ltr'><strong>Sophoclis</strong></span> <span class='ocrx_word' id='word_1_96' title='bbox 1135 1915 1248 2002; x_wconf 83' lang='lat' dir='ltr'><strong>expli-</strong></span> 
     </span>
     <span class='ocr_line' id='line_1_15' title="bbox 213 2033 1246 2122; baseline -0.002 -20"><span class='ocrx_word' id='word_1_97' title='bbox 213 2036 339 2102; x_wconf 83' lang='lat' dir='ltr'><strong>rntioni</strong></span> <span class='ocrx_word' id='word_1_98' title='bbox 368 2055 503 2122; x_wconf 80' lang='lat' dir='ltr'><strong>semper</strong></span> <span class='ocrx_word' id='word_1_99' title='bbox 532 2035 701 2122; x_wconf 77' lang='lat' dir='ltr'>generales</span> <span class='ocrx_word' id='word_1_100' title='bbox 735 2036 778 2101; x_wconf 87' lang='lat' dir='ltr'><strong>ad</strong></span> <span class='ocrx_word' id='word_1_101' title='bbox 814 2056 1017 2122; x_wconf 85' lang='lat' dir='ltr'><strong>omnemque</strong></span> <span class='ocrx_word' id='word_1_102' title='bbox 1042 2033 1246 2120; x_wconf 83' lang='lat' dir='ltr'><strong>tragoediam</strong></span> 
     </span>
     <span class='ocr_line' id='line_1_16' title="bbox 214 2152 1247 2243; baseline -0.003 -23"><span class='ocrx_word' id='word_1_103' title='bbox 214 2177 370 2243; x_wconf 76' lang='lat' dir='ltr'><strong>graecam</strong></span> <span class='ocrx_word' id='word_1_104' title='bbox 403 2154 605 2241; x_wconf 71' lang='lat' dir='ltr'><strong>pertinentes</strong></span> <span class='ocrx_word' id='word_1_105' title='bbox 639 2153 848 2241; x_wconf 80' lang='lat' dir='ltr'><strong>quaestiones</strong></span> <span class='ocrx_word' id='word_1_106' title='bbox 891 2154 1020 2243; x_wconf 83' lang='lat' dir='ltr'><strong>aliquas</strong></span> <span class='ocrx_word' id='word_1_107' title='bbox 1054 2152 1247 2242; x_wconf 77' lang='lat' dir='ltr'><strong>adiungam,</strong></span> 
     </span>
     <span class='ocr_line' id='line_1_17' title="bbox 213 2271 1248 2360; baseline -0.004 -20"><span class='ocrx_word' id='word_1_108' title='bbox 213 2273 368 2359; x_wconf 84' lang='lat' dir='ltr'><strong>Etenim,</strong></span> <span class='ocrx_word' id='word_1_109' title='bbox 393 2283 432 2338; x_wconf 89' lang='lat' dir='ltr'><strong>ut</strong></span> <span class='ocrx_word' id='word_1_110' title='bbox 457 2272 597 2352; x_wconf 65' lang='lat' dir='ltr'><strong>minime</strong></span> <span class='ocrx_word' id='word_1_111' title='bbox 621 2273 779 2360; x_wconf 77' lang='lat' dir='ltr'><strong>equidem</strong></span> <span class='ocrx_word' id='word_1_112' title='bbox 813 2295 932 2340; x_wconf 85' lang='lat' dir='ltr'><strong>eorum</strong></span> <span class='ocrx_word' id='word_1_113' title='bbox 946 2271 1113 2353; x_wconf 65' lang='lat' dir='ltr'><strong>,delectari</strong></span> <span class='ocrx_word' id='word_1_114' title='bbox 1136 2272 1248 2360; x_wconf 83' lang='lat' dir='ltr'><strong>scrip-</strong></span> 
     </span>
     <span class='ocr_line' id='line_1_18' title="bbox 212 2389 1263 2482; baseline -0.004 -25"><span class='ocrx_word' id='word_1_115' title='bbox 212 2392 365 2460; x_wconf 86' lang='lat' dir='ltr'><strong>tionibus</strong></span> <span class='ocrx_word' id='word_1_116' title='bbox 396 2391 507 2477; x_wconf 89' lang='lat' dir='ltr'><strong>aoleo,</strong></span> <span class='ocrx_word' id='word_1_117' title='bbox 540 2392 599 2480; x_wconf 87' lang='lat' dir='ltr'><strong>qui</strong></span> <span class='ocrx_word' id='word_1_118' title='bbox 624 2389 671 2456; x_wconf 87' lang='lat' dir='ltr'><strong>de·</strong></span> <span class='ocrx_word' id='word_1_119' title='bbox 696 2414 813 2479; x_wconf 83' lang='lat' dir='ltr'><strong>graeca</strong></span> <span class='ocrx_word' id='word_1_120' title='bbox 840 2406 912 2478; x_wconf 82' lang='lat' dir='ltr'><strong>arte</strong></span> <span class='ocrx_word' id='word_1_121' title='bbox 939 2401 1092 2482; x_wconf 82' lang='lat' dir='ltr'><strong>egentes,</strong></span> <span class='ocrx_word' id='word_1_122' title='bbox 1123 2390 1263 2478; x_wconf 67' lang='lat' dir='ltr'><strong>simili-3,</strong></span> 
     </span>
     <span class='ocr_line' id='line_1_19' title="bbox 212 2509 1248 2603; baseline 0.01 -29"><span class='ocrx_word' id='word_1_123' title='bbox 212 2510 389 2576; x_wconf 85' lang='lat' dir='ltr'><strong>tudinibua</strong></span> <span class='ocrx_word' id='word_1_124' title='bbox 418 2509 680 2598; x_wconf 67' lang='lat' dir='ltr'><strong>quibusdamex</strong></span> <span class='ocrx_word' id='word_1_125' title='bbox 698 2510 884 2598; x_wconf 86' lang='lat' dir='ltr'><strong>Hispanico</strong></span> <span class='ocrx_word' id='word_1_126' title='bbox 913 2526 947 2580; x_wconf 88' lang='lat' dir='ltr'><strong>et</strong></span> <span class='ocrx_word' id='word_1_127' title='bbox 964 2513 1109 2603; x_wconf 83' lang='lat' dir='ltr'><strong>Anglica</strong></span> <span class='ocrx_word' id='word_1_128' title='bbox 1135 2523 1169 2590; x_wconf 85' lang='lat' dir='ltr'><strong>et</strong></span> <span class='ocrx_word' id='word_1_129' title='bbox 1183 2511 1248 2584; x_wconf 71' lang='lat' dir='ltr'><strong>alia</strong></span> 
     </span>
     <span class='ocr_line' id='line_1_20' title="bbox 211 2628 1262 2720; baseline 0.001 -25"><span class='ocrx_word' id='word_1_130' title='bbox 211 2629 364 2720; x_wconf 68' lang='lat' dir='ltr'><strong>‘qualibet</strong></span> <span class='ocrx_word' id='word_1_131' title='bbox 383 2629 514 2718; x_wconf 88' lang='lat' dir='ltr'><strong>petitis,</strong></span> <span class='ocrx_word' id='word_1_132' title='bbox 536 2649 634 2714; x_wconf 85' lang='lat' dir='ltr'><strong>saepe</strong></span> <span class='ocrx_word' id='word_1_133' title='bbox 649 2629 771 2698; x_wconf 84' lang='lat' dir='ltr'><strong>¹doctis</strong></span> <span class='ocrx_word' id='word_1_134' title='bbox 792 2630 860 2699; x_wconf 83' lang='lat' dir='ltr'><strong>illic</strong></span> <span class='ocrx_word' id='word_1_135' title='bbox 872 2633 1022 2720; x_wconf 11' lang='lat' dir='ltr'><strong>*quidem</strong></span> <span class='ocrx_word' id='word_1_136' title='bbox 1046 2643 1079 2700; x_wconf 89' lang='lat' dir='ltr'><strong>et</strong></span> <span class='ocrx_word' id='word_1_137' title='bbox 1096 2628 1262 2716; x_wconf 50' lang='lat' dir='ltr'><strong>ingenio-1</strong></span> 
     </span>
     <span class='ocr_line' id='line_1_21' title="bbox 212 2724 1246 2841; baseline -0.002 -27"><span class='ocrx_word' id='word_1_138' title='bbox 212 2751 277 2836; x_wconf 87' lang='lat' dir='ltr'><strong>sis,</strong></span> <span class='ocrx_word' id='word_1_139' title='bbox 298 2749 357 2816; x_wconf 87' lang='lat' dir='ltr'><strong>sed</strong></span> <span class='ocrx_word' id='word_1_140' title='bbox 377 2748 450 2838; x_wconf 87' lang='lat' dir='ltr'><strong>ipsa</strong></span> <span class='ocrx_word' id='word_1_141' title='bbox 481 2763 602 2817; x_wconf 85' lang='lat' dir='ltr'><strong>nature</strong></span> <span class='ocrx_word' id='word_1_142' title='bbox 628 2770 688 2841; x_wconf 85' lang='lat' dir='ltr'><strong>sna</strong></span> <span class='ocrx_word' id='word_1_143' title='bbox 706 2747 820 2837; x_wconf 80' lang='lat' dir='ltr'><strong>pravis</strong></span> <span class='ocrx_word' id='word_1_144' title='bbox 839 2724 1043 2838; x_wconf 81' lang='lat' dir='ltr'><strong>plerumque</strong></span> <span class='ocrx_word' id='word_1_145' title='bbox 1064 2759 1098 2814; x_wconf 85' lang='lat' dir='ltr'><strong>et</strong></span> <span class='ocrx_word' id='word_1_146' title='bbox 1112 2745 1246 2812; x_wconf 76' lang='lat' dir='ltr'><strong>fallaci-</strong></span> 
     </span>
    </p>
   </div>
   <div class='ocr_carea' id='block_1_2' title="bbox 212 2866 1376 2956">
    <p class='ocr_par' dir='ltr' id='par_1_2' title="bbox 212 2866 1376 2956">
     <span class='ocr_line' id='line_1_22' title="bbox 212 2866 1376 2956; baseline -0.007 -24"><span class='ocrx_word' id='word_1_147' title='bbox 212 2867 297 2953; x_wconf 84' lang='lat' dir='ltr'><strong>bus,</strong></span> <span class='ocrx_word' id='word_1_148' title='bbox 318 2889 393 2934; x_wconf 86' lang='lat' dir='ltr'><strong>rem</strong></span> <span class='ocrx_word' id='word_1_149' title='bbox 408 2869 608 2956; x_wconf 87' lang='lat' dir='ltr'><strong>perturbant</strong></span> <span class='ocrx_word' id='word_1_150' title='bbox 624 2879 658 2936; x_wconf 90' lang='lat' dir='ltr'><strong>et</strong></span> <span class='ocrx_word' id='word_1_151' title='bbox 674 2866 888 2937; x_wconf 89' lang='lat' dir='ltr'><strong>confundunt</strong></span> <span class='ocrx_word' id='word_1_152' title='bbox 913 2868 1037 2952; x_wconf 86' lang='lat' dir='ltr'><strong>magis,</strong></span> <span class='ocrx_word' id='word_1_153' title='bbox 1061 2885 1163 2950; x_wconf 83' lang='lat' dir='ltr'><strong>quam</strong></span> <span class='ocrx_word' id='word_1_154' title='bbox 1185 2884 1262 2942; x_wconf 35' lang='lat' dir='ltr'><strong>exv,</strong></span> <span class='ocrx_word' id='word_1_155' title='bbox 1362 2881 1376 2892; x_wconf 72' lang='grc'><strong>“</strong></span> 
     </span>
    </p>
   </div>
   <div class='ocr_carea' id='block_1_3' title="bbox 208 2981 1341 4020">
    <p class='ocr_par' dir='ltr' id='par_1_3' title="bbox 208 2981 1341 3544">
     <span class='ocr_line' id='line_1_23' title="bbox 210 2981 1244 3074; baseline -0.001 -23"><span class='ocrx_word' id='word_1_156' title='bbox 210 2986 369 3074; x_wconf 89' lang='lat' dir='ltr'><strong>pediunt:</strong></span> <span class='ocrx_word' id='word_1_157' title='bbox 394 2987 438 3050; x_wconf 87' lang='lat' dir='ltr'><strong>ita</strong></span> <span class='ocrx_word' id='word_1_158' title='bbox 461 3007 539 3072; x_wconf 78' lang='lat' dir='ltr'><strong>curn</strong></span> <span class='ocrx_word' id='word_1_159' title='bbox 562 2985 648 3050; x_wconf 85' lang='lat' dir='ltr'><strong>alius</strong></span> <span class='ocrx_word' id='word_1_160' title='bbox 668 2984 814 3066; x_wconf 84' lang='lat' dir='ltr'><strong>cujusvis</strong></span> <span class='ocrx_word' id='word_1_161' title='bbox 827 2984 1001 3070; x_wconf 84' lang='lat' dir='ltr'><strong>scriptoris</strong></span> <span class='ocrx_word' id='word_1_162' title='bbox 1019 2981 1150 3067; x_wconf 80' lang='lat' dir='ltr'><strong>veteris,</strong></span> <span class='ocrx_word' id='word_1_163' title='bbox 1169 2993 1244 3050; x_wconf 80' lang='lat' dir='ltr'><strong>tum</strong></span> 
     </span>
     <span class='ocr_line' id='line_1_24' title="bbox 213 3100 1341 3192; baseline -0.006 -20"><span class='ocrx_word' id='word_1_164' title='bbox 213 3102 391 3192; x_wconf 86' lang='lat' dir='ltr'><strong>Sophoclis</strong></span> <span class='ocrx_word' id='word_1_165' title='bbox 416 3125 490 3170; x_wconf 88' lang='lat' dir='ltr'><strong>eam</strong></span> <span class='ocrx_word' id='word_1_166' title='bbox 525 3100 602 3168; x_wconf 42' lang='lat' dir='ltr'><strong>xfore</strong></span> <span class='ocrx_word' id='word_1_167' title='bbox 632 3102 798 3190; x_wconf 86' lang='lat' dir='ltr'><strong>optimam</strong></span> <span class='ocrx_word' id='word_1_168' title='bbox 840 3100 1103 3170; x_wconf 84' lang='lat' dir='ltr'><strong>illustrationem</strong></span> <span class='ocrx_word' id='word_1_169' title='bbox 1141 3111 1245 3190; x_wconf 88' lang='lat' dir='ltr'><strong>puto,</strong></span> <span class='ocrx_word' id='word_1_170' title='bbox 1309 3147 1341 3192; x_wconf 85' lang='grc' dir='ltr'><strong> </strong></span> 
     </span>
     <span class='ocr_line' id='line_1_25' title="bbox 211 3201 1264 3312; baseline -0.003 -25"><span class='ocrx_word' id='word_1_171' title='bbox 211 3201 428 3310; x_wconf 59' lang='grc' dir='ltr'><strong>ᾳυιθέἰωυί</strong></span> <span class='ocrx_word' id='word_1_172' title='bbox 454 3220 642 3312; x_wconf 77' lang='lat' dir='ltr'><strong>universae</strong></span> <span class='ocrx_word' id='word_1_173' title='bbox 662 3233 696 3290; x_wconf 89' lang='lat' dir='ltr'><strong>et</strong></span> <span class='ocrx_word' id='word_1_174' title='bbox 724 3231 919 3306; x_wconf 83' lang='lat' dir='ltr'><strong>temporum</strong></span> <span class='ocrx_word' id='word_1_175' title='bbox 951 3217 1025 3282; x_wconf 88' lang='lat' dir='ltr'><strong>aius</strong></span> <span class='ocrx_word' id='word_1_176' title='bbox 1057 3229 1090 3284; x_wconf 92' lang='lat' dir='ltr'><strong>et</strong></span> <span class='ocrx_word' id='word_1_177' title='bbox 1118 3217 1264 3304; x_wconf 79' lang='lat' dir='ltr'><strong>totius„</strong></span> 
     </span>
     <span class='ocr_line' id='line_1_26' title="bbox 210 3335 1263 3430; baseline -0.005 -23"><span class='ocrx_word' id='word_1_178' title='bbox 210 3341 317 3430; x_wconf 83' lang='lat' dir='ltr'><strong>qualis</strong></span> <span class='ocrx_word' id='word_1_179' title='bbox 350 3353 432 3408; x_wconf 88' lang='lat' dir='ltr'><strong>tune</strong></span> <span class='ocrx_word' id='word_1_180' title='bbox 460 3352 549 3427; x_wconf 86' lang='lat' dir='ltr'><strong>erat,</strong></span> <span class='ocrx_word' id='word_1_181' title='bbox 572 3340 651 3406; x_wconf 89' lang='lat' dir='ltr'><strong>artis</strong></span> <span class='ocrx_word' id='word_1_182' title='bbox 680 3335 865 3424; x_wconf 83' lang='lat' dir='ltr'><strong>cognitioni</strong></span> <span class='ocrx_word' id='word_1_183' title='bbox 901 3336 1012 3402; x_wconf 89' lang='lat' dir='ltr'><strong>lucem</strong></span> <span class='ocrx_word' id='word_1_184' title='bbox 1052 3336 1263 3408; x_wconf 81' lang='lat' dir='ltr'><strong>adhibuerit.</strong></span> 
     </span>
     <span class='ocr_line' id='line_1_27' title="bbox 208 3459 1266 3544; baseline -0.006 -16"><span class='ocrx_word' id='word_1_185' title='bbox 208 3459 438 3530; x_wconf 84' lang='lat' dir='ltr'><strong>clarissimam.</strong></span> <span class='ocrx_word' id='word_1_186' title='bbox 1121 3532 1125 3542; x_wconf 32' lang='lat'><strong><em>¹</em></strong></span> <span class='ocrx_word' id='word_1_187' title='bbox 1262 3535 1266 3544; x_wconf 28' lang='lat'><em>¹</em></span> 
     </span>
    </p>

    <p class='ocr_par' dir='ltr' id='par_1_4' title="bbox 208 3572 1263 4020">
     <span class='ocr_line' id='line_1_28' title="bbox 312 3572 1243 3666; baseline -0.004 -22"><span class='ocrx_word' id='word_1_188' title='bbox 312 3580 388 3649; x_wconf 75' lang='lat' dir='ltr'><strong>illis</strong></span> <span class='ocrx_word' id='word_1_189' title='bbox 411 3577 514 3664; x_wconf 89' lang='lat' dir='ltr'><strong>igitur</strong></span> <span class='ocrx_word' id='word_1_190' title='bbox 536 3572 817 3666; x_wconf 81' lang='lat' dir='ltr'><strong>disputationibus</strong></span> <span class='ocrx_word' id='word_1_191' title='bbox 833 3573 870 3642; x_wconf 89' lang='lat' dir='ltr'><strong>in</strong></span> <span class='ocrx_word' id='word_1_192' title='bbox 886 3574 952 3645; x_wconf 90' lang='lat' dir='ltr'><strong>hoc</strong></span> <span class='ocrx_word' id='word_1_193' title='bbox 967 3573 1057 3643; x_wconf 85' lang='lat' dir='ltr'><strong>libro</strong></span> <span class='ocrx_word' id='word_1_194' title='bbox 1077 3573 1243 3663; x_wconf 83' lang='lat' dir='ltr'><strong>praemis--¹</strong></span> 
     </span>
     <span class='ocr_line' id='line_1_29' title="bbox 208 3680 1263 3792; baseline -0.009 -24"><span class='ocrx_word' id='word_1_195' title='bbox 208 3701 272 3786; x_wconf 87' lang='lat' dir='ltr'><strong>sis,</strong></span> <span class='ocrx_word' id='word_1_196' title='bbox 296 3699 337 3766; x_wconf 88' lang='lat' dir='ltr'><strong>de</strong></span> <span class='ocrx_word' id='word_1_197' title='bbox 361 3680 442 3792; x_wconf 82' lang='lat' dir='ltr'><strong>ipsis¹</strong></span> <span class='ocrx_word' id='word_1_198' title='bbox 459 3697 615 3785; x_wconf 88' lang='lat' dir='ltr'><strong>deinceps</strong></span> <span class='ocrx_word' id='word_1_199' title='bbox 637 3705 779 3781; x_wconf 87' lang='lat' dir='ltr'><strong>septem,</strong></span> <span class='ocrx_word' id='word_1_200' title='bbox 801 3714 888 3781; x_wconf 84' lang='lat' dir='ltr'><strong>quae</strong></span> <span class='ocrx_word' id='word_1_201' title='bbox 904 3705 1095 3782; x_wconf 82' lang='lat' dir='ltr'><strong>supersunt,</strong></span> <span class='ocrx_word' id='word_1_202' title='bbox 1112 3693 1263 3784; x_wconf 68' lang='lat' dir='ltr'><strong>Sophos,</strong></span> 
     </span>
     <span class='ocr_line' id='line_1_30' title="bbox 209 3813 1262 3904; baseline -0.005 -18"><span class='ocrx_word' id='word_1_203' title='bbox 209 3819 270 3886; x_wconf 89' lang='lat' dir='ltr'><strong>olis</strong></span> <span class='ocrx_word' id='word_1_204' title='bbox 293 3817 415 3884; x_wconf 87' lang='lat' dir='ltr'><strong>fabulis</strong></span> <span class='ocrx_word' id='word_1_205' title='bbox 441 3815 594 3904; x_wconf 81' lang='lat' dir='ltr'><strong>exposui.</strong></span> <span class='ocrx_word' id='word_1_206' title='bbox 637 3816 676 3880; x_wconf 88' lang='lat' dir='ltr'><strong>In</strong></span> <span class='ocrx_word' id='word_1_207' title='bbox 695 3833 781 3898; x_wconf 89' lang='lat' dir='ltr'><strong>quo,</strong></span> <span class='ocrx_word' id='word_1_208' title='bbox 804 3833 884 3880; x_wconf 89' lang='lat' dir='ltr'><strong>cum</strong></span> <span class='ocrx_word' id='word_1_209' title='bbox 905 3813 986 3880; x_wconf 84' lang='lat' dir='ltr'><strong>talia</strong></span> <span class='ocrx_word' id='word_1_210' title='bbox 1009 3815 1262 3904; x_wconf 62' lang='lat' dir='ltr'><strong>perquirentes,</strong></span> 
     </span>
     <span class='ocr_line' id='line_1_31' title="bbox 208 3931 1252 4020; baseline -0.007 -10"><span class='ocrx_word' id='word_1_211' title='bbox 208 3943 403 4011; x_wconf 84' lang='lat' dir='ltr'><strong>maximeet</strong></span> <span class='ocrx_word' id='word_1_212' title='bbox 423 3935 582 4004; x_wconf 87' lang='lat' dir='ltr'><strong>laudandi</strong></span> <span class='ocrx_word' id='word_1_213' title='bbox 598 3944 632 4000; x_wconf 88' lang='lat' dir='ltr'><strong>et</strong></span> <span class='ocrx_word' id='word_1_214' title='bbox 645 3931 860 4020; x_wconf 81' lang='lat' dir='ltr'><strong>vituperandi</strong></span> <span class='ocrx_word' id='word_1_215' title='bbox 879 3933 991 4005; x_wconf 88' lang='lat' dir='ltr'><strong>studio</strong></span> <span class='ocrx_word' id='word_1_216' title='bbox 1007 3933 1126 4006; x_wconf 88' lang='lat' dir='ltr'><strong>deduci</strong></span> <span class='ocrx_word' id='word_1_217' title='bbox 1137 3936 1175 4004; x_wconf 92' lang='lat' dir='ltr'><strong>in</strong></span> <span class='ocrx_word' id='word_1_218' title='bbox 1190 3955 1252 4004; x_wconf 66' lang='grc' dir='ltr'><strong>εει.</strong></span> 
     </span>
    </p>
   </div>
   <div class='ocr_carea' id='block_1_4' title="bbox 0 0 1442 4704">
    <p class='ocr_par' dir='ltr' id='par_1_5' title="bbox 0 0 1442 4704">
     <span class='ocr_line' id='line_1_32' title="bbox 0 0 1442 4704; baseline 0 3"><span class='ocrx_word' id='word_1_219' title='bbox 0 0 1442 4704; x_wconf 95' lang='lat' dir='ltr'><strong> </strong></span> 
     </span>
    </p>
   </div>
  </div>
 </body>
</html>
