2876 4704
243 282 295 346 22

242 432 576 526 eiroridosfnbnlia
596 449 630 504 et
652 435 784 504 ludicra
807 421 970 516 dictione,
992 432 1149 522 qnoniam
1171 448 1272 520 agad
1341 429 1344 441 '
1410 476 1413 501 t

1411 536 1416 613 t

242 575 321 618 nere
350 557 491 642 satyrico
512 555 727 640 nascebatur,
764 577 835 620 sero
860 555 1004 641 gravior
1025 553 1175 637 amarit,
1200 574 1277 616 me-

243 682 397 760 trumque
430 697 471 739 ox
499 684 693 738 tetrametro
722 673 907 736 iambicam
927 672 1145 758 factumest.
1169 670 1276 738 Initio

197 837 201 846 «
244 793 339 856 enim
372 801 565 856 tetrametro
606 789 800 865 utebantur,
839 791 927 872 quod
954 793 1101 878 satyrica
1128 801 1214 856 esset
1244 797 1276 852 et

246 911 357 996 magis
383 910 431 974 ad
452 907 667 972 saltationem
690 902 792 992 facto
818 904 937 992 poesia·
980 908 1142 974 Sermone
1163 919 1277 974 autom

244 1029 395 1096 instituto
419 1025 493 1110 ipsa
518 1034 641 1088 notura
666 1037 783 1111 aptum
809 1020 932 1108 reperit
960 1034 1117 1090 metram.
1152 1053 1156 1060 ⁴

350 1121 390 1212 In
412 1142 533 1227 quibus
555 1165 633 1208 oum
657 1141 771 1206 omnia
793 1139 911 1206 leviter
932 1139 1131 1206 adumbrata
1153 1145 1279 1228 potius,

246 1280 348 1345 quam
372 1259 527 1328 distinete
548 1283 707 1349 expressa
728 1260 810 1325 sint:
833 1271 945 1323 tamen
967 1259 1154 1344 tragoediae
1175 1263 1279 1344 origi.

245 1398 324 1446 nem
349 1380 390 1442 ad
410 1400 465 1444 eos
484 1382 647 1467 rovocari,
667 1379 726 1468 qui
747 1377 1005 1466 dithyrambum
1026 1379 1277 1462 tenetentum

245 1493 374 1562 starum
397 1511 462 1584 est,
486 1511 525 1564 ut
546 1497 630 1566 talso
654 1500 742 1566 haud
762 1499 862 1566 dubie
880 1498 1156 1586 Kanngiesserus,
1174 1497 1278 1560 nesci-

245 1635 342 1696 mus,
374 1640 439 1705 qua
472 1633 662 1716 commotus
690 1643 807 1706 causa,
848 1620 960 1684 locum
990 1619 1036 1684 sio
1058 1616 1277 1700 intellexerit,

246 1735 342 1821 quasi
362 1739 561 1804 Aristotelea
587 1741 671 1805 nihil
693 1742 756 1804 nisi
778 1737 1005 1823 dithyrambis
1026 1762 1103 1802 cum
1127 1736 1279 1824 phallicia

245 1855 387 1920 eandem
422 1869 523 1942 atque
561 1855 750 1940 tragoediae
789 1874 868 1915 cum
901 1855 1075 1920 comoedia
1113 1857 1280 1920 rationem

248 1979 335 2042 asse‘
357 1972 491 2038 dixerit.
519 1977 549 2053 ι)
594 1971 659 2038 Sed
689 1972 754 2036 hoc
783 1970 858 2035 leva
887 1981 954 2054 est,
987 1991 1097 2056 neque
1125 1982 1198 2056 eget
1219 1993 1279 2036 re-

246 2085 427 2176 futationa3
451 2091 587 2177 gravius
610 2102 733 2175 autem,
756 2091 838 2178 quin
861 2089 971 2156 omnis
991 2086 1094 2154 huius
1115 2088 1281 2178 dissepta-

246 2207 348 2296 tionis
365 2229 464 2274 causa
487 2207 557 2274 fere
575 2210 674 2274 unica
691 2210 724 2273 id
743 2220 800 2291 est,
825 2207 916 2292 quod
933 2206 1155 2298 philosophus
1173 2231 1283 2297 neque

249 2327 445 2410 accuratius,
472 2349 628 2420 quanam,
647 2327 776 2392 ratione
812 2327 981 2412 tragoedia
1019 2351 1063 2394 ex
1087 2322 1303 2424 dithyram?

249 2442 300 2510 bis
318 2455 389 2510 orta
408 2459 501 2536 esset,
520 2446 775 2532 demonstravit,
792 2471 900 2541 neque
924 2447 966 2515 de
986 2449 1059 2538 ipso
1078 2473 1184 2518 novae
1200 2453 1280 2521 artis

248 2563 387 2632 nomine
413 2569 578 2654 exposuit.
624 2571 740 2656 Atque
762 2569 802 2634 de
824 2568 876 2643 hia
899 2568 1118 2634 Casaubonus
1142 2551 1280 2662 quidenr

247 2679 330 2753 haeo
358 2683 467 2760 habet.
491 2696 522 2772 a)
555 2737 576 2784 ,‚
586 2687 653 2769 Qui
678 2689 764 2758 soliti
781 2703 875 2760 erant
893 2691 929 2756 in
944 2690 1044 2756 sacris
1060 2688 1281 2754 conventibus

249 2812 281 2865 et
297 2803 459 2880 ludorum
474 2809 727 2878 solennitatibus
746 2811 825 2882 deos
844 2823 900 2876 aut
917 2809 1035 2878 heroes
1051 2805 1200 2888 laudare,
1216 2801 1284 2870 levi

251 2923 395 3005 quadarn
415 2950 516 3012 opera
533 2940 564 2991 et
583 2953 651 2992 non
668 2929 852 3007 admodum
869 2947 1009 3010 operosa
1028 2943 1147 2986 eorum
1171 2921 1281 2985 imita·

248 3037 357 3125 tione,
382 3063 468 3130 quae
500 3024 634 3114 fuerant
656 3045 697 3111 ab
719 3045 784 3108 illis
806 3056 913 3136 gesta,
939 3063 1010 3106 rem
1033 3041 1068 3104 in
1093 3027 1220 3124 maius,
1242 3053 1282 3106 ut

249 3155 324 3222 fieri
345 3172 444 3246 amat,
465 3174 633 3254 augentes,
656 3161 786 3234 fabulas
803 3173 834 3224 et
854 3163 1002 3228 dramata
1026 3181 1165 3244 coepere
1182 3183 1281 3224 com-

249 3298 397 3364 ponere,
421 3301 505 3366 quae
526 3292 639 3370 postea
668 3279 881 3366 appellarunt
914 3277 1127 3379 tragoedias”.
1171 3277 1281 3342 Bent-

250 3395 337 3466 leius
369 3410 480 3465 autern
503 3399 538 3480 3)
569 3395 845 3489 „hymnosiatoa
863 3396 1041 3486 Bacchias,
1072 3395 1162 3464 unde
1192 3397 1280 3464 ordi-

252 3586 275 3654 ι)
308 3590 357 3640 Die
370 3590 419 3641 alta
432 3588 569 3641 Komiecha
585 3587 675 3640 Biihne
690 3588 717 3637 in
731 3583 823 3642 Athen.
841 3605 865 3653 p.
879 3603 922 3654 ¹7·

246 3702 277 3766 ἀ)
311 3705 352 3756 De
376 3709 481 3771 satyrica
510 3706 669 3758 Graecorum
694 3705 807 3770 possiet
834 3706 1010 3758 Romanorum
1030 3702 1110 3756 Satira
1141 3702 1184 3756 ed.
1201 3703 1282 3758 Ran-

251 3789 422 3861 bach.p.15.

251 3903 277 3966 3)
311 3903 422 3972 Opuaea.
443 3905 532 3973 philol.
556 3903 600 3958 ed.
614 3906 683 3972 Ltpr.
697 3919 722 3971 p·
739 3901 798 3958 516.
