2876 4704
256 299 311 430 sa

253 499 330 548 vam
367 448 553 570 aoeiperat3
583 484 644 572 qui
687 482 803 552 miuus
832 479 1029 574 placuisset,
1081 488 1286 576 mundum

254 598 481 689 amphoram,
502 613 710 692 reportarat3
730 603 870 670 tertium
887 627 966 674 vero
993 604 1192 692 praemium,
1214 607 1289 674 hir·

251 741 363 807 aum,
399 720 429 786 ia
464 731 631 806 sumeret,
654 721 714 808 qui
741 719 864 790 infimo
887 721 963 791 loco
989 724 1194 798 substitisset
1236 727 1289 790 Aa

255 837 361 912 trium
385 837 636 926 praemiorum,
657 838 759 908 etiam
779 838 912 926 tragicis
930 843 1037 926 poetis
1058 844 1181 912 Atticis
1204 866 1289 931 pro·-
1415 881 1420 892 ι

253 957 469 1044 positurum,
490 956 619 1024 mantio
651 957 689 1026 fit
714 957 749 1025 iu
773 957 841 1052 vita
863 956 1064 1044 Sophoclis,
1086 939 1146 1048 qisi
1163 963 1288 1049 saepis·

255 1076 342 1142 aima
364 1075 519 1162 primum
544 1086 576 1145 et
593 1068 959 1164 seeundumtertium
987 1097 1164 1166 nunquam
1192 1081 1289 1148 tulia-
1360 1065 1363 1076 ’

257 1215 293 1258 ae
319 1193 474 1260 dicitur..
496 1191 594 1274 Quae
625 1194 654 1268 ai
687 1197 816 1263 ateterit
846 1195 1094 1282 interpretatio:
1127 1199 1220 1285 quod
1254 1202 1290 1275 iu

256 1311 430 1398 tragoedia.
452 1314 633 1404 Sophouli,
669 1315 762 1385 idem
784 1314 821 1382 iu
847 1313 1147 1403 dithyramborum
1182 1329 1290 1394 uerte.-
1376 1327 1378 1332 '

255 1411 348 1500 misia
366 1430 536 1504 Simonidi
553 1435 703 1505 evenisse
716 1435 837 1522 dicam,
846 1433 973 1523 quippe
991 1433 1049 1522 qui
1067 1433 1104 1518 ip
1118 1435 1291 1522 epigram·

245 1549 374 1636 suetis,
397 1551 578 1626 laudatiae
592 1539 765 1643 tintus,
787 1578 858 1625 nou
880 1554 1019 1642 quidem
1037 1557 1174 1624 tertium
1197 1577 1290 1643 prta

261 1670 395 1759 mium,
424 1675 578 1760 bouum,
614 1675 673 1745 sss
704 1675 811 1745 boum
846 1694 884 1740 ae
912 1676 1090 1764 tripodum
1108 1697 1291 1748 numerum
1348 1735 1362 1764 ,

256 1810 336 1862 etue
365 1813 532 1878 magnum
558 1804 744 1879 reportasse
773 1804 993 1861 memoretur.

247 1961 251 1970 '
362 1955 498 2022 Verum
521 1945 603 2020 itaer
627 1975 680 2048 res
701 1953 745 2018 ita
761 1965 810 2018 est
839 1967 1042 2041 comparata,
1068 1965 1106 2018 ut
1128 1956 1190 2018 vix
1208 1976 1292 2043 pro·

251 2061 394 2141 'movere
421 2075 541 2160 pedem
561 2075 685 2162 possis,
709 2071 791 2159 quin
819 2071 1068 2159 impedimentis
1093 2069 1166 2138 aliis
1189 2083 1289 2159 atqua

256 2189 340 2284 aliia
346 2203 378 2260 te
387 2201 554 2258 retentum
564 2203 596 2256 et
604 2189 792 2256 cohibitum
800 2189 915 2257 videas
947 2189 1165 2257 'I'hierachius
1187 2191 1290 2278 anim,

251 2311 316 2376 ‘vir
340 2309 599 2395 celeberrimus,
623 2308 714 2374 hoo
704 2329 790 2396 tpso,
811 2309 854 2374 da
879 2329 947 2396 quo
965 2307 1113 2397 agimus,
1135 2331 1215 2376 uaua
1232 2308 1289 2375 lo'-

261 2452 320 2518 co,
343 2428 487 2496 Athenis
508 2427 716 2516 tragoediam
742 2419 886 2518 lyricam
912 2441 945 2496 et
959 2427 1149 2519 separatum
1166 2427 1208 2494 ab
1233 2425 1291 2494 di·

249 2547 441 2636 'tbyrambo
464 2545 567 2616 fuisse
598 2559 631 2614 et
651 2547 842 2638 praemium
866 2547 1001 2615 hircum
1028 2547 1181 2616 habuisse
1203 2569 1291 2636 pro·

257 2657 338 2732 bare
363 2667 498 2736 studuit
524 2667 555 2759 t)
596 2669 715 2758 'Atque
736 2667 1034 2755 argumentationis
1053 2688 1132 2734 suae
1155 2666 1193 2732 iu
1208 2685 1293 2755 par-

258 2795 293 2850 te
312 2781 425 2872 prima
449 2799 483 2855 et
507 2775 767 2878 quasi'exordio
793 2781 988 2856 vir‘doct'us
1011 2783 1046 2852 id
1063 2787 1174 2874 ponit,
1199 2785 1292 2874 quod
1359 2771 1363 2778 ¹

257 2901 295 2968 in
323 2903 498 2997 Diolnysiis
522 2920 598 2974 tum
624 2909 781 2976 virorum
798 2919 871 2972 tum
900 2927 1084 2993 puerorum
1104 2905 1199 2970 chori
1217 2925 1292 2969 cer·

262 3036 335 3088 tare
352 3023 580 3113 dithyrambis
598 3025 753 3112 solerent3
776 3039 838 3090 nee
852 3038 964 3090 tamen
981 3009 1172 3113 praemium
1185 3024 1292 3089 utris-

259 3165 325 3229 que
364 3142 456 3210 idem
484 3138 587 3210 suis'se
614 3137 847 3232 propositum,
879 3139 1052 3229 sed‚·pro
1077 3139 1149 3232 ipsa
1177 3141 1292 3208 aetatis

247 3257 467 3348 ''differentia3
491 3259 581 3329 viros
611 3262 751 3326 viatores
777 3261 919 3343 bovem,
941 3283 1065 3354 pueros
1089 3261 1291 3349 amphoram

261 3379 377 3448 tulisse
406 3379 494 3448 dicit.
526 3367 579 3446 'In
605 3403 692 3473 quo,
722 3370 806 3444 cum¹
841 3381 900 3445 vix
926 3381 1102 3469 quisquam
1133 3379 1174 3445 de
1198 3381 1295 3444 viro·

139 3569 143 3578 ,
252 3489 338 3565 'runi
357 3523 438 3566 cum
457 3500 569 3589 pueris
595 3499 709 3588 aliquo
735 3501 916 3566 certamine
936 3501 1066 3586 cogitet:
1095 3499 1209 3585 ipsum
1237 3497 1290 3562 Si·

248 3593 409 3684 ‘inonidis
435 3622 644 3738 epigramma
669 3617 755 3686 illud
776 3617 951 3686 evidenter
981 3630 1113 3704 postam
1131 3631 1163 3684 et
1185 3617 1292 3684 boves

248 3739 291 3804 'et
323 3737 474 3830 tripodes
514 3752 719 3827 reportasse,
764 3737 918 3804 virorum
960 3737 1072 3803 choris
1126 3738 1291 3805 victorem

261 3941 305 4006 ιι
319 3947 413 4012 ιιι
434 3943 561 4016 utus
