2902 4704
173 333 182 366 ι
308 241 310 251 ¹
690 341 694 347 «
1022 287 1026 292 ’
1125 295 1201 408 167

162 491 281 561 perse
296 473 439 541 maximi
464 445 726 542 aestimaverunt
744 469 899 561 quidem,
922 469 979 537 sad
1003 471 1116 560 plures
1148 493 1199 559 ea,
1305 504 1308 515 ¹
1335 521 1341 528 -

164 591 454 676 quemadmodum
479 591 548 657 ia'm
577 613 630 658 res
651 573 830 678 heberent,
863 611 987 678 parum
1022 602 1101 680 apta
1129 612 1199 658 ease
1240 634 1242 638 -

161 709 423 780 arbitrabantur.
466 707 598 797 Quare,
629 721 809 800 postquam
839 709 1063 776 Athenienses
1084 708 1202 776 socio·-¹

163 847 244 894 rum
273 831 463 896 voluntate
483 829 619 916 imperii
652 829 818 896 maritimi
851 829 1084 918 principatum
1112 828 1203 896 neoti

160 957 266 1034 erant,
288 948 388 1014 multi
404 949 554 1014 maxime
570 969 611 1015 eo
633 959 875 1016 concusserunt
895 948 972 1030 illa,
1002 947 1093 1036 quod
1116 949 1200 1016 clas·

162 1087 235 1132 som
261 1078 294 1132 at
312 1087 387 1133 rem
410 1073 580 1134 nauticam
608 1077 765 1154 augentes
780 1067 1053 1156 studiosissime,
1076 1070 1203 1158 paula·

162 1182 227 1251 tim
247 1185 368 1252 urbem
405 1185 449 1252 ed
486 1208 580 1254 mare
607 1186 837 1272 deducebant,
859 1198 960 1274 atque
984 1189 1072 1256 cives
1110 1211 1200 1277 suot,

163 1284 224 1390 qui
253 1304 382 1373 statarii
409 1304 534 1372 auilites
560 1303 718 1391 fuissent,
748 1317 866 1372 nautae
896 1305 1092 1376 reddebant.
1119 1315 1157 1393 ι)

265 1475 401 1541 Scimus
432 1494 549 1540 omnes
571 1485 672 1562 atquc
690 1473 837 1539 vidimus
865 1473 952 1563 ipsi,
976 1487 1101 1562 quanta
1124 1499 1204 1544 cum

161 1589 196 1658 vi
222 1591 355 1656 animos
376 1611 413 1656 ea
438 1601 594 1680 tempora
615 1605 876 1678 commoveant,
898 1593 1023 1682 quibua
1042 1594 1077 1658 in
1091 1607 1205 1693 extro,

158 1729 257 1774 mum
274 1707 456 1788 discrimen
470 1708 607 1776 adducti
631 1709 762 1800 populi,
779 1711 820 1776 de
836 1733 970 1776 summa
987 1733 1103 1778 rerum
1119 1713 1201 1777 sub-

159 1824 211 1891 ire
246 1828 498 1895 contentionem
533 1842 705 1916 cogantur.
750 1827 889 1921 Quippe
932 1841 1014 1896 tunc
1061 1832 1196 1920 omitia,
1243 1837 1253 1844 “

160 1967 246 2034 quae
267 1945 483 2033 singulorum
511 1970 571 2013 eeu
598 1948 722 2015 laetius
742 1939 802 2015 se'u
827 1950 956 2016 tristius
981 1971 1200 2018 commovere

85 2152 89 2158 .
159 2079 275 2152 pectus
298 2065 425 2152 solent,
457 2067 665 2153 aliquamdiu
692 2068 856 2134 exstincta
883 2067 1135 2156 quodammodo
1166 2083 1200 2138 et

159 2185 282 2250 reiecta
298 2207 367 2252 esse
396 2182 573 2274 videntur,
596 2208 657 2254 nec
682 2186 864 2274 quicquam
887 2210 949 2254 nos
968 2191 1012 2258 ad
1032 2213 1066 2256 se
1090 2201 1198 2258 attra-

159 2297 211 2366 hit
241 2304 483 2392 atque'implet
499 2305 628 2392 studio,
651 2305 716 2370 nisi
743 2305 798 2392 id,
823 2307 914 2394 quod
940 2307 982 2400 ad
1009 2310 1113 2376 totius
1136 2332 1201 2396 pa-

159 2416 243 2486 triae
264 2423 359 2508 quasi
377 2423 482 2488 vitam
512 2434 612 2508 atque
635 2424 887 2491 universitatem
907 2425 1080 2512 pertineat.
1122 2427 1201 2493 Ne·
1262 2471 1265 2480 =

159 2559 237 2623 que,
261 2533 321 2600 ubi
339 2541 433 2606 tanta
458 2535 575 2606 exorta
595 2553 643 2607 eet
660 2541 854 2606 animorum
876 2543 1067 2630 concitatio,
1089 2543 1200 2633 hemia

92 2661 94 2664 ’
158 2679 220 2724 nes
243 2645 431 2722 consistunt
453 2655 526 2724 fere
551 2658 588 2726 in
626 2680 686 2745 oo,
723 2681 767 2726 ex
794 2683 863 2749 quo
890 2663 1043 2748 primum
1074 2663 1196 2749 egressi

159 2788 258 2862 aunt,
281 2777 338 2842 sed
367 2781 563 2867 experrecta
587 2779 689 2844 semel
718 2777 790 2862 vis,
824 2778 999 2844 exsultans
1026 2756 1203 2868 periculo,

160 2895 253 2984 quod
281 2893 361 2962 fecit
378 2887 450 2985 a'ui,
474 2897 516 2963 ab
535 2896 610 2962 aliis
637 2897 680 2963 ad
705 2896 789 2962 alias
816 2918 870 2992 res
904 2897 1031 2982 tendit,
1062 2914 1198 2974 etcum

161 3016 259 3084 malis
282 3007 407 3082 temere
445 2990 589 3102 optima
609 3015 716 3082 multa
750 3005 782 3082 et
807 3015 1028 3084 saluberrima
1060 3019 1194 3094 evertit·

165 3121 289 3222 Atque
315 3135 379 3199 hoc
412 3134 562 3201 maxime
592 3135 660 3200 illis
690 3137 898 3223 temporibus
929 3135 964 3201 in
987 3136 1129 3204 Graecia
1159 3153 1193 3207 et

159 3252 306 3321 Athenis
322 3253 454 3332 accidit,
477 3253 664 3342 Siquidem,
688 3253 746 3340 qui
763 3255 860 3322 noris
883 3255 986 3322 rebus
1003 3259 1193 3347 studebant,

162 3373 290 3460 partina
307 3353 491 3463 cupiditate
510 3350 571 3438 sua
598 3383 630 3460 et
652 3371 805 3461 consilio,
826 3375 950 3464 partim
969 3373 1104 3444 funesta
1128 3400 1192 3444 na-

161 3487 308 3558 'cessitate
330 3492 476 3580 quadam
493 3489 653 3581 implicui
666 3504 700 3558 et
716 3495 891 3581 protracti,
913 3496 1053 3563 omnino
1072 3508 1189 3566 vetus·

158 3620 192 3674 ta
208 3611 323 3675 omnia
343 3611 602 3700 oppugnabant,
625 3624 742 3700 atqua,
767 3613 900 3679 Solonio
928 3612 1079 3684 instituta
1111 3635 1190 3703 per·

159 3737 337 3816 vertentes,
349 3731 455 3820 plebis
466 3733 549 3809 adeo
568 3731 731 3822 augebant
747 3733 944 3822 potentiam,
965 3747 1001 3800 ut
1020 3749 1134 3824 postea
1152 3755 1195 3800 ne
1288 3765 1290 3770 ·

160 3935 185 4002 ι)
219 3934 348 3991 Plutarch.
372 3940 418 3992 vit.
439 3901 603 3996 nuntiet.
