2876 4704
221 293 248 382 6

220 493 358 558 omnes,
379 479 640 592 explicationem
666 477 788 545 iustam
814 475 962 566 accipere
990 487 1118 543 tentum
1146 475 1190 540 ab
1212 469 1253 540 iis

220 607 382 682 possunt,
406 601 464 686 qri
493 609 524 664 et
541 597 710 683 linguam,
733 599 769 663 in
792 619 857 684 qun
877 597 964 664 edite
981 607 1076 682 sunt,
1099 608 1132 662 et
1162 607 1253 661 tem·

221 735 328 804 pore,
352 716 474 804 quibus
495 715 670 799 exierunt,
693 726 725 780 et
749 715 903 799 ipsorum
920 717 1126 806 scriptorum
1146 734 1257 780 mores

221 841 255 896 et
281 845 436 900 naturam
455 833 647 921 cognitione
672 829 918 896 accuratissime
947 831 1075 901 habent
1101 857 1257 924 eompre-

220 949 368 1017 henrsm.
411 951 500 1018 Nem
540 949 721 1040 perfectam
761 960 861 1040 atque
894 949 1065 1038 expletam
1100 955 1257 1020 omnibus

155 1081 158 1089 “
221 1069 289 1134 suis
319 1069 467 1137 numeris
496 1069 788 1163 pulchritudinem
811 1067 1006 1156 exprimere
1029 1069 1159 1152 nemini
1190 1093 1258 1138 un·

222 1207 323 1273 quem
351 1185 511 1274 contigit3
534 1209 673 1274 verum,
698 1187 865 1274 siquidem
890 1185 1014 1274 species
1035 1186 1106 1250 eius
1125 1187 1260 1253 absolue

219 1313 252 1372 te
280 1306 443 1397 quaedem
470 1307 506 1372 in
533 1308 689 1375 omnium
714 1307 836 1374 animis
868 1303 1010 1393 insidet,
1031 1304 1068 1370 in
1098 1303 1259 1392 operibus

217 1424 260 1494 ed
286 1445 361 1490 enm
378 1428 449 1492 non
467 1425 598 1514 invita,
623 1439 662 1494 ut
690 1426 805 1513 siunt,
828 1423 984 1493 Minerv'e
1015 1420 1254 1509 conformetis,

216 1542 349 1628 singule
377 1543 535 1634 quidem,
556 1558 657 1636 etque
683 1549 720 1615 in
739 1545 915 1616 nonnuliis
938 1547 991 1616 vel
1012 1543 1162 1633 plurime
1183 1541 1255 1607 eins
1313 1557 1315 1565 ’

217 1663 313 1760 quusi
337 1661 541 1733 lineamenta
557 1667 760 1757 invenimus,
784 1689 869 1758 quse
886 1667 1022 1733 collecta
1037 1648 1070 1748 e't
1089 1665 1261 1731 coniune-·

217 1790 251 1847 te
286 1783 321 1849 in
352 1805 480 1872 unum,
512 1787 694 1869 imaginem
721 1787 792 1852 eius
821 1783 1256 1870 aliquam-preestentissi-

180 1968 187 1982 ‚
216 1919 309 1964 mem
338 1899 507 1985 referant3
528 1901 587 1966 sed
614 1902 651 1966 in
684 1901 758 1966 aliis
783 1911 909 1985 tumen,
934 1919 1001 1963 non
1031 1901 1102 1966 sine
1134 1901 1253 1965 dolore

220 2015 380 2104 quodem,
403 2018 515 2084 deesse
540 2018 686 2108 aliquid,
700 2020 949 2102 'auctoremque
974 2013 1065 2081 infre
1081 2015 1134 2101 id,
1161 2015 1254 2104 quod

219 2132 374 2223 volebat,
398 2137 558 2230 quodque
581 2137 747 2205 vellemus
781 2137 846 2226 ipsi
859 2184 871 2223 ‚
899 2133 1057 2202 restitisse
1088 2134 1252 2223 iutelligi-¹

218 2273 305 2320 mus.
350 2253 429 2320 Hoc
440 2257 546 2342 igitur
573 2255 656 2344 quid
675 2255 728 2336 sit,
752 2276 903 2343 quaeque
920 2253 956 2318 in
973 2253 1024 2318 his
1043 2274 1259 2360 monumen-f·

218 2374 281 2462 tis,
319 2385 392 2443 tum
427 2373 529 2462 bona,
555 2387 644 2440 tum·
662 2375 777 2460 mele,
801 2371 873 2438 sive
896 2371 962 2461 ipsi
983 2372 1159 2462 scriptori,
1184 2375 1254 2444 sive

215 2491 427 2585 temporibus
458 2493 539 2580 eius,
562 2493 634 2560 sive
657 2493 730 2560 aliis
755 2485 854 2558 rebus
885 2492 1063 2559 tribuenda
1092 2495 1169 2578 sint,
1192 2493 1253 2582 qui

215 2633 285 2681 non
313 2595 525 2700 cum'vuigo
545 2613 615 2680 sine
646 2613 778 2679 ratione·
807 2623 838 2678 et
862 2613 1057 2700 vituperent
1083 2614 1251 2680 et'ndmi-

215 2741 356 2820 rantur,
379 2734 607 2828 perquirendo
637 2733 827 2823 explorant.
872 2731 974 2812 Quod
991 2753 1070 2796 eum
1086 2730 1121 2796 in
1140 2753 1251 2806 recen·

214 2847 343 2918 tiorum
367 2853 671 2942 operibu's'e'gregie
697 2867 716 2919 a
734 2849 848 2920 multis
867 2847 994 2914 fectum
1020 2849 1077 2916 sit:
1099 2849 1136 2914 in
1154 2863 1252 2924 vete·¹
1282 2887 1286 2894 ·

214 2963 309 3034 ribus
346 2966 412 3034 iliis
438 2962 591 3058 scriptis,
615 2991 699 3057 quae
723 2969 928 3056 explicatum
955 2967 1054 3051 longe
1080 2967 1252 3036 difficilio-

214 3106 287 3154 rem
312 3087 458 3175 hebent,
482 3087 666 3156 admodum
703 3109 910 3176 paucorum,
934 3097 971 3152 ut
1000 3087 1170 3172 diximus,
1193 3087 1249 3153 de-

214 3205 316 3272 tinuit
344 3203 554 3274 industriam.
601 3211 716 3295 Atque
732 3229 848 3272 eorum
868 3205 1003 3292 quidem
1019 3205 1077 3272 eiii
1100 3206 1250 3272 criticum

212 3325 416 3414 scriptorum
437 3301 614 3392 densur'nm
638 3349 683 3391 ex
700 3326 763 3390 han
790 3325 1002 3414 potissimum
1029 3335 1123 3413 perte
1146 3324 1248 3390 insti-

212 3455 372 3532 tuerunt3
395 3441 451 3511 eiii
470 3445 507 3512 in
531 3443 780 3536 quaestionibus
816 3443 1039 3529 singularibus
1075 3444 1115 3509 de
1137 3441 1247 3506 Gree-

213 3583 332 3628 corum
360 3575 393 3628 et
418 3559 656 3629 Romanorum
694 3561 897 3646 scriptorum
932 3573 1004 3627 erte
1038 3573 1070 3626 et
1110 3561 1245 3646 ingenio

213 3685 463 3768 exposuerunt,
500 3669 670 3770 prs'eclare
697 3679 852 3768 utrique3
883 3681 941 3747 sed
968 3680 1097 3765 largam
1131 3691 1246 3748 temen

213 3799 248 3864 in
266 3797 331 3864 hoe
350 3819 470 3886 campo
489 3819 628 3866 messem
655 3797 820 3888 aliorum,
845 3800 874 3866 ei
898 3800 957 3888 qui
984 3797 1078 3887 sequi
1103 3819 1161 3868 eos
1179 3821 1246 3869 vo·

212 3917 357 4004 luerint,
379 3919 495 3986 studiis
516 3917 736 4006 reliquerunt.
1108 3898 1113 3936 ⁸
