2894 4700
922 349 943 390 ,
1114 283 1197 374 ιιό

166 461 265 532 inssit
301 429 468 530 Orestes?
508 460 557 527 Ar
580 481 597 526 a
622 455 721 526 iuriis
754 455 960 544 agitabitur,
982 477 1044 524 nec
1077 458 1200 531 mentis

154 579 243 652 'susa
280 572 537 670 componeret?
556 577 631 646 Ima
656 579 699 647 ed
726 575 893 668 populum
919 577 1103 666 tranquille
1119 599 1201 649 rer-

159 703 203 771 ba
223 701 304 768 iecit
332 712 364 766 et
387 703 490 768 matri
515 699 667 790 pepercit
690 697 743 790 r),
765 678 797 766 et
822 693 1003 786 Aegisthus
1027 699 1095 764 iam
1122 702 1202 768 co'n‘.

164 821 299 888 strictus
324 817 467 889 vinculis
490 819 582 886 eret!
624 818 690 886 Sed
716 817 826 884 omnis
843 811 903 884 iile
927 811 1077 884 Veiturii
1099 797 1202 886 Ores·

162 940 212 1008 'tea
242 925 497 1028 mirumcaput
529 950 599 1024 est3
634 938 692 1004 sed
720 933 885 1026 Pyladem
921 931 1199 1028 Voltarins'pru·

164 1058 399 1128 dentissimam
417 1057 506 1145 fecit,
532 1054 628 1146 isqu'e
652 1067 792 1125 noverat
809 1057 955 1122 emicum
973 1065 1006 1122 et
1017 1045 1202 1145 ¹¹preteritis·

162 1177 225 1243 bat
253 1171 406 1267 pericula
438 1177 479 1243 ab
512 1177 563 1243 ira
589 1175 754 1264 deornm,
788 1197 873 1262 quer
904 1175 1103 1263 neglexisset
1124 1178 1202 1268 ille,·

159 1293 387 1394 imminentiat
428 1297 502 1364 Cur
519 1297 625 1383 igitur
643 1295 698 1361 hic
718 1317 787 1362 non
803 1294 948 1362 removit
958 1295 1198 1388 Clytaemnes?

168 1407 285 1482 tram?
313 1427 372 1483 eut
401 1427 464 1482 cur'
489 1399 609 1481 saltem
637 1399 721 1480 non*
740 1401 870 1479 mansit*
894 1411 984 1500 apud
1012 1401 1201 1516 'Orestemi

161 1531 225 1600 “cur
251 1535 288 1600 in
317 1540 452 1601 summo
477 1555 594 1600 rerum
623 1525 817 1600 discrimine
840 1531 885 1598 ita
918 1527 1086 1603 aberravit
1102 1525 1123 1602 e
1136 1539 1202 1604 cir'·

163 1663 357 1743 'cumspecta
376 1653 431 1718 illa
457 1652 638 1742 prudentia
662 1674 733 1738 aaa,
756 1662 797 1718 ut
820 1649 1052 1742 intempestive
1068 1652 1202 1746 puellis,

159 1767 250 1857 'quid
276 1767 344 1838 ieris
367 1762 478 1839 ectum
503 1785 606 1859 esset,
628 1793 786 1838 enarrare
810 1766 954 1854 mellet‚'
974 1789 1076 1859 quam
1110 1761 1201 1842 mall

164 1889 386 1977 atrocissima,
415 1912 502 1979 quae
530 1901 695 1959 metueret
719 1889 792 1980 ipae
822 1893 871 1977 a),
896 1885 1091 1980 impedire?
1113 1893 1202 1982 διὸς

100 2087 103 2094 ¹
162 2007 260 2097 'qnasi
291 1996 407 2077 onmes
423 1995 565 2077 'Orestis
597 2010 698 2078 amici
732 2009 919 2077 voluissent
950 2030 1029 2076 eum
1064 2009 1103 2105 ¹in
1128 2013 1201 2081 cri-

160 2148 240 2194 men
266 2132 501 2216 gravissimum
525 2131 692 2218 incidere,
722 2129 827 2196 etiam
862 2129 1061 2196 Pammenes
1086 2123 1201 2199 sacer-

159 2245 241 2334 dos,
263 2247 299 2350 ιἰιι
328 2260 398 2316 tota
422 2247 537 2317 fabula
562 2247 669 2318 homo
694 2247 969 2339 sapientissimus,
991 2249 1103 2317 subito
1128 2245 1201 2319 tarn

158 2363 351 2432 incredibili
384 2370 545 2434 narrandi
573 2367 762 2457 corripitur
792 2366 968 2456 cupidine,
990 2377 1046 2454 ut,
1068 2367 1200 2463 deserto

160 2481 292 2569 Oreste,
314 2483 357 2549 ad
379 2483 507 2573 puellas
524 2496 690 2571 accurrat3
712 2507 761 2572 ac,
795 2505 839 2550 ne
857 2483 938 2572 quid
956 2485 1126 2576 reliquum
1142 2477 1201 2553 ini

159 2601 231 2689 epti
263 2599 340 2690 fiat,
370 2604 444 2694 ipse
468 2603 590 2691 refert,
622 2601 730 2669 furias
761 2602 983 2672 a'uannullis
1008 2621 1201 2704 conspectas

160 2739 231 2788 esse
254 2721 534 2790 circumvolantes
565 2719 667 2789 illurn
691 2721 876 2810 matrisque
897 2722 940 2789 ad
967 2721 1104 2792 caedem
1131 2726 1199 2791 mi·

161 2858 275 2906 aerum
299 2838 512 2930 instigantes!
535 2844 573 2932 3)
593 2845 643 2910 At
672 2865 754 2910 rere
780 2863 897 2910 amnes
916 2841 952 2908 in
982 2841 1050 2910 fine
1066 2841 1202 2912 fabulae

262 3017 301 3071 Le
316 3017 390 3070 seule
405 3020 594 3086 Clytemueerre
609 3034 779 3086 accompagn
800 3035 841 3071 res
864 2981 925 3084 pra,

262 3102 301 3153 Le
317 3105 436 3171 pretege,
453 3101 576 3156 l’arrrelae
586 3119 641 3154 aux
656 3101 757 3155 iuream
769 3101 814 3154 des
829 3100 933 3155 selden.

164 3229 189 3298 ι)
208 3231 299 3288 Oreite
315 3237 386 3302 parle
398 3253 431 3288 en
447 3236 553 3304 penple,
571 3235 719 3304 ilrespecte
734 3254 760 3287 aa
774 3237 854 3288 mire·

162 3333 188 3397 2)
207 3333 266 3387 Act.
277 3335 325 3389 lv.
342 3335 384 3389 sc.
400 3333 424 3388 6.
439 3331 547 3402 Pylades
557 3371 574 3399 ,‚
587 3349 726 3402 postquam
743 3337 863 3387 Orestem
877 3331 913 3399 id,
933 3329 1004 3400 quod
1019 3335 1132 3402 variter
1150 3347 1201 3391 vei

161 3427 264 3470 tuerent
279 3417 325 3484 dii,
338 3403 425 3472 cundia
441 3419 569 3484 aperuim
581 3422 665 3470 serari
679 3419 793 3484 audivit,
808 3419 937 3486 praeclusa
951 3413 1013 3469 luce
1028 3417 1101 3474 dieite

265 3502 297 3553 Ja
311 3505 408 3559 voulair
421 3504 447 3556 lc
462 3517 567 3556 aauaer:
584 3501 648 3570 qn’il
659 3503 733 3566 rire,
757 3517 783 3555 et
797 3502 860 3568 qn’il
875 3518 940 3556 rona
955 3517 1048 3572 treuge.

162 3593 188 3662 5)
206 3593 265 3650 Act.
278 3599 313 3652 -V.
326 3600 369 3654 Sc.
381 3603 407 3656 8.

208 3681 213 3688 ’
266 3681 311 3733 On
332 3681 370 3733 dit
382 3703 431 3751 qne
446 3683 510 3736 dant
525 3702 555 3736 ee
572 3685 675 3740 trouble
690 3703 724 3738 on
742 3687 796 3739 scit
811 3685 848 3734 let
862 3681 1018 3745 Eumdnidee

265 3763 379 3816 Senrdaa
397 3769 412 3816 t
426 3767 451 3819 la
463 3771 547 3834 pritn
561 3783 587 3822 at
600 3767 634 3820 de
648 3783 774 3822 ιιιιιιιιιιι
786 3766 888 3831 arides,
921 3793 922 3796 ¹

264 3847 395 3900 Ministrcr
409 3847 454 3899 dea
470 3851 552 3903 arsita
570 3853 714 3918 prcnoucds
728 3868 773 3918 par
790 3851 815 3900 la
835 3864 904 3912 sert,

264 3929 381 3984 Marsher
393 3945 483 3984 auteur
497 3931 624 4003 d'Oreate,
642 3952 676 3988 ea
691 3935 820 4001 appellant
834 3933 859 3986 la
871 3943 947 3994 mart,
