2894 4700
1110 285 1192 372 225
1220 265 1224 273 ¹

160 459 462 550 prudentissimum
504 473 641 547 tamen,
674 470 713 526 ut
747 458 783 524 in
823 479 866 526 eo
906 456 1115 545 discrimine,
1158 475 1191 530 et

128 649 130 654 ,
158 579 310 644 maxime
343 579 622 670 circumspectum
657 580 701 661 ι).
745 575 847 656 Quod
875 590 1007 663 autem,
1037 580 1073 644 in
1095 601 1189 646 amo-

159 719 203 794 re
247 720 324 783 erga
358 713 531 786 parentes,
567 697 725 764 omnibus
759 697 878 782 insito,
912 709 980 762 tam
1005 693 1103 764 facile
1133 699 1190 766 ille

159 817 201 882 ad
225 828 366 882 matrem
386 817 510 884 accedit
528 813 755 904 occidendam,
778 814 848 881 eius
864 816 914 882 rei
936 814 1051 903 plures
1073 816 1108 883 in
1129 815 1190 886 bac

157 932 271 1000 fabula
299 935 453 1002 'inveniri
487 936 718 1001 excusationes
753 945 846 1021 puto.
891 931 1045 1001 Primum
1077 935 1187 1023 enirn,

156 1075 241 1141 peno
257 1052 519 1120 -infsnseiectus
541 1050 691 1140 edcmo,
714 1051 848 1118 Orestes
875 1048 938 1118 sibi
958 1073 1101 1140 quoque,
1124 1055 1189 1121 nisi

155 1173 199 1238 ab
227 1171 357 1240 Electra
382 1186 461 1240 esset
491 1187 724 1260 conservatus,
749 1173 792 1238 sb
825 1171 989 1257 Aegistho
1020 1183 1053 1238 et
1083 1181 1190 1240 matre

156 1301 302 1358 mortem
324 1303 472 1378 paratam
494 1280 598 1360 fnisse
621 1289 785 1376 scivit‘2);
807 1283 927 1361 deinde
950 1298 1027 1377 apte
1054 1293 1189 1380 Sopho·

156 1411 225 1480 clas,
253 1431 325 1475 ram
353 1412 400 1476 sic
424 1406 587 1498 instituit,
608 1423 648 1476 ut
670 1421 814 1476 matrem
838 1407 974 1473 Orestes
995 1402 1130 1475 tantum
1153 1412 1189 1480 in
1222 1399 1224 1402 ⁵

66 1499 68 1507 Α
156 1525 260 1592 domo
288 1525 513 1616 conspiceret,
531 1548 606 1595 non
641 1529 713 1594 'sina
744 1517 864 1612 magna
898 1501 1005 1592 animi
1033 1546 1189 1596 commo-

156 1647 260 1731 tione,
292 1667 396 1732 qnam
423 1663 541 1712 versus
559 1643 619 1712 illo
636 1641 672 1732 3)
696 1643 869 1732 signifieat,
892 1639 929 1709 iu
955 1661 1038 1731 quo,
1057 1660 1190 1732 peracte

155 1764 272 1849 caede,
295 1766 456 1851 primurn,
485 1786 533 1830 un.
551 1778 642 1850 reete
669 1763 705 1831 id
730 1763 859 1830 facinus
878 1762 1008 1850 Apollo
1037 1763 1189 1851 iusserit,
1269 1803 1271 1808 ·

155 1881 296 1951 dubitat.
351 1882 507 1970 Denique
535 1882 720 1950 iussitboc
743 1883 892 1972 Apollo;
924 1881 1060 1947 Orestes
1077 1895 1190 1952 autem

153 1999 190 2064 in
218 2010 288 2066 tots
305 1997 419 2066 fabula
437 2011 564 2068 tantem
582 2023 660 2090 erga
685 2001 764 2068 deos
782 2001 944 2087 significat
966 2003 1188 2072 reverentiam

156 2129 189 2182 at
208 2119 378 2206 pietatem,
401 2101 439 2186 rit
458 2123 559 2192 etism
584 2133 740 2208 amatre,
764 2138 866 2206 quam
888 2120 958 2207 ipse
986 2142 1055 2186 non
1077 2134 1188 2212 posset

109 2227 112 2232 ¹
154 2259 222 2314 non
237 2256 401 2325 accusare,
418 2239 489 2305 sine
513 2235 721 2306 dubitatione
739 2246 873 2326 putaret
891 2237 995 2304 iussus
1006 2257 1131 2326 poenas
1150 2245 1190 2309 si·

155 2354 191 2424 bi
214 2377 283 2422 esse
301 2359 490 2442 exigendas.
533 2358 667 2424 sororis
689 2367 801 2422 sutem
827 2374 906 2421 enm
933 2350 1118 2442 Sophocles
1142 2361 1189 2426 sio

153 2471 233 2540 fecit
254 2485 433 2557 amantem,
454 2473 504 2539 uti
527 2485 664 2539 naturae
686 2483 756 2539 erat
771 2474 990 2559 aptissimum.
1033 2459 1188 2567 Etenim,
1251 2475 1255 2482 ’

154 2590 216 2654 ubi
238 2577 390 2676 primum
415 2589 485 2672 eius
509 2590 574 2656 sibi
596 2591 713 2666 audire
735 2589 871 2656 videtur
891 2585 1189 2696 inmutationem,

46 2693 54 2702 ’
158 2722 394 2775 commovetur
410 2709 550 2796 ¹quidem
574 2721 606 2775 et
628 2709 701 2776 vult
719 2726 866 2794 manere3
889 2710 957 2792 sed,
980 2712 1129 2778 monitus
1148 2714 1191 2780 ab

88 2860 90 2866 ¹
153 2841 241 2912 sene,
260 2825 328 2894 ubit
342 2830 384 2895 ad
407 2817 543 2896 interius
571 2828 678 2917 patri,
702 2828 787 2892 sicut
807 2829 936 2892 iussum
965 2827 1007 2893 ab
1023 2830 1086 2896 deo
1108 2846 1190 2924 erat,

156 2947 384 3015 effundendas.
428 2946 547 3040 ¹Postea
572 2970 664 3034 vero,
693 2967 791 3031 cum,
817 2944 854 3010 in
878 2962 963 3010 urna
991 2946 1052 3014 ists
1079 2945 1190 3038 allata,

156 3067 310 3134 Electren
337 3081 371 3134 et
398 3066 560 3163 dolorem·
577 3064 827 3132 acerbissimum
858 3078 891 3131 et
916 3087 994 3153 arga
1025 3085 1060 3133 ss
1090 3089 1190 3136 anro-

156 3209 229 3252 rem
250 3189 440 3253 maximnm
462 3187 709 3274 cognovit,tam
725 3181 942 3252 vehomenter
960 3181 1192 3276 conturbetur,

160 3306 220 3374 vix
252 3319 291 3372 ut
317 3331 352 3373 se
379 3305 578 3390 tenea13sed
605 3318 715 3400 tauron
739 3303 843 3370 vineit
862 3306 1026 3390 animum,
1049 3324 1111 3371 neo
1134 3309 1191 3374 ui·

50 3462 56 3472 ·
156 3425 185 3490 si
212 3425 329 3492 doctus
355 3427 395 3493 sb
421 3405 542 3527 sorore·
558 3421 728 3509 mulieres,
752 3441 837 3508 quae
857 3422 1046 3511 adstarent,
1070 3427 1192 3494 amicas

157 3644 184 3712 ι)
205 3645 239 3696 ci.
254 3667 278 3698 v.
298 3649 362 3702 1255
379 3662 404 3700 ss
417 3607 512 3712 munis,
527 3661 591 3714 ques
602 3652 750 3710 sequuntur.

160 3777 187 3842 α)
205 3793 233 3830 v.
248 3777 306 3844 289·
322 3793 377 3844 sqq.
395 3789 420 3834 ct
437 3795 508 3846 ¹²²7·
522 3795 578 3846 sqq.

152 3909 182 3978 5)
200 3927 226 3963 r.
244 3907 318 3963 1421.
374 3994 376 3998 Ι
435 3970 436 3974 ¹
