2876 4704
192 455 418 522 imitationem
456 451 687 534 adducebant,
716 461 755 516 ut
774 461 846 516 tum
873 451 984 516 subito
1009 471 1052 518 ax
1078 454 1157 520 aliis'
1173 455 1216 522 ad

185 575 267 639 alios
310 574 418 639 anirui
456 572 596 654 affectus
639 568 759 634 modos
793 580 1046 651 converterent,
1071 575 1101 655 ι)
1146 585 1218 640 turn

185 691 328 777 singulis
359 690 532 756 chorautis
560 687 661 775 plura
692 687 772 772 solia
799 687 971 754 traderent
999 689 1145 754 canenda
1188 701 1220 755 et

186 808 350 875 saltaoda.
395 806 498 872 Cuius
524 806 574 872 rei
594 806 809 894 exemplum,
832 807 939 874 aerius
957 805 1044 872 illud
1066 805 1220 895 quidem,

180 927 246 992 sed
264 925 565 994 luculentissimum
586 924 868 994 Anaxaudridam
885 924 1068 1012 habemus,
1091 924 1151 1010 qui
1165 925 1221 990 di·

188 1045 360 1133 thyrambi
379 1060 508 1135 partem
535 1047 652 1114 sedena
674 1045 710 1111 iu
727 1065 815 1132 equo
832 1045 989 1112 cecinisse
1005 1043 1161 1110 traditur.
1184 1046 1218 1127 a)

189 1165 308 1254 Neque
334 1167 408 1233 aliis
427 1172 463 1234 in
482 1166 710 1250 carminibus,
734 1163 838 1230 veluti
865 1163 902 1230 iu
930 1163 1070 1232 Pindari
1103 1161 1219 1248 epini-

184 1285 261 1371 ciis,
284 1284 422 1374 Pelopia
446 1299 478 1352 et
507 1284 667 1352 Herculis
688 1283 765 1348 illae
780 1303 895 1368 preces
924 1281 957 1365 3)
981 1294 1015 1348 et
1035 1279 1157 1348 similia
1175 1278 1217 1346 ab

182 1405 342 1472 universo
360 1405 489 1488 choro,
512 1403 569 1467 sed
589 1403 661 1468 siro
678 1400 718 1466 ab
736 1401 902 1486 chorago,
925 1399 996 1466 sive
1014 1399 1056 1466 ab
1077 1397 1221 1487 singulis

181 1535 278 1608 canta
303 1541 384 1584 esse
408 1519 577 1582 choreutis
600 1520 774 1602 ridentur,
796 1516 833 1602 4)
864 1539 1058 1606 quanquam
1085 1517 1217 1588 Pinda-

186 1659 269 1704 rum
304 1657 380 1700 eam
408 1637 572 1702 rationem
604 1635 709 1720 magia
735 1635 835 1700 etiam
871 1635 910 1699 in
945 1637 1216 1721 tragoediis'suia

188 1763 339 1818 secutum
364 1775 433 1820 esse
448 1753 527 1818 inde
546 1752 696 1840 colligar,
719 1752 811 1841 quod
844 1753 1024 1837 soldrad)
1047 1777 1100 1822 aas
1130 1757 1213 1824 dra·-
1334 1799 1336 1808 ι

188 1856 316 1938 rnatum
344 1872 549 1958 tragicorum
578 1873 717 1939 nomine
740 1871 925 1961 insignivit.
968 1873 1139 1941 Pindarus
1151 1895 1215 1944 au·

184 2001 250 2056 tem
273 1991 306 2056 iu
321 1991 373 2056 p,
394 1993 439 2057 ita
451 1991 658 2078 simplicitati
674 2005 707 2058 et
719 1990 860 2078 antiquo
879 1991 968 2058 mori
987 1993 1142 2060 studebat
1163 1995 1211 2082 6),

183 2121 222 2174 ut
245 2107 454 2188 Philoxenus
496 2110 646 2182 novandi
685 2107 923 2196 cupidissimus
963 2123 1054 2198 erat,
1085 2133 1213 2200 suaque

182 2227 219 2292 io
256 2228 485 2296 modulatione
518 2237 551 2296 et
585 2229 744 2297 melodias
786 2227 1032 2296 diversissimas
1066 2230 1216 2298 coniun-

184 2347 300 2434 gebat,
316 2325 357 2413 'n
374 2350 555 2436 enyumos
573 2347 747 2416 liberrime
765 2345 1019 2428 conforment,
1043 2359 1076 2412 et
1096 2348 1217 2435 cyoru·

174 2461 294 2530 ‘choris
323 2465 513 2532 immiscere
544 2466 723 2532 cantilenas
763 2467 893 2550 (mala)
919 2479 957 2558 7)
984 2467 1138 2534 audebat.
1173 2465 1214 2536 la

179 2605 263 2672 quo,
281 2584 455 2670 nelongus
472 2578 547 2669 sim,
567 2583 602 2648 id
618 2595 749 2678 tantum
767 2603 893 2670 ponera
909 2585 1015 2670 licoat,
1034 2587 1214 2654 coniicieu·

187 2789 211 2854 1)
245 2751 317 2844 Num
347 2792 413 2844 sorte
443 2790 476 2840 ad
506 2790 572 2841 lianc
587 2793 700 2842 musicas
730 2788 960 2844 conformationem
988 2789 1148 2853 raiaraudurn
1169 2800 1218 2862 air,

182 2873 254 2940 quod
276 2877 304 2926 in
336 2875 480 2941 fragmento
500 2875 585 2939 aliquo
610 2871 749 2925 Pindarus:
771 2871 833 2924 olim
863 2871 1045 2948 dithyrumdua
1078 2877 1217 2932 incedebat

134 2947 140 2956 ’
180 2956 368 3015 ,rodoinorenaa
384 2955 462 3010 dida?
483 2973 509 3010 ν.
539 2955 621 3023 arrad.
642 2958 761 3025 fragmm.
790 2955 1214 3028 exuuyr.1v02p.·uuiuren.

183 3039 200 3090 l.
215 3042 232 3092 l.
245 3042 279 3091 Il.
297 3040 355 3093 252·

185 3170 211 3236 a)
244 3171 339 3224 Athea·
358 3172 443 3239 deipn.
462 3191 488 3241 p·
504 3173 561 3240 574.

96 3339 97 3344 =
183 3302 210 3370 5)
243 3301 351 3374 Olymp.
366 3305 390 3356 Ι.
403 3305 443 3369 7⁵·
460 3322 516 3372 sqq·
530 3307 620 3360 ladam.
632 3306 680 3362 Vl.
693 3307 735 3377 59·
747 3323 804 3376 sqq.

184 3435 211 3500 4)
243 3437 277 3490 ci.
290 3433 401 3492 Boaclrla.
415 3437 447 3490 da
462 3437 537 3493 matr.
554 3439 630 3494 Pind.
642 3460 666 3511 p.
688 3439 747 3494 266.
770 3455 796 3495 at
809 3441 941 3498 ‘ruenda
959 3444 988 3496 iu
999 3441 1018 3495 l.
1031 3443 1050 3494 1.
1069 3441 1091 3494 1.
1105 3457 1131 3508 p.
1147 3439 1207 3510 143.

184 3535 239 3587 sqq.

188 3649 212 3715 5)
244 3669 270 3705 v.
286 3653 418 3710 undamn.

188 3781 212 3849 6)
236 3749 409 3844 ¹V·l'lrttar¹ulr'.
423 3789 456 3843 da
470 3808 536 3845 mur.
553 3791 641 3860 p.685
654 3804 693 3860 tq·
729 3829 733 3836 ·
848 3843 851 3850 .

188 3913 213 3979 ’l
245 3935 271 3970 v·
286 3915 412 3975 Plutarchi
427 3926 590 3992 aaDiooyai'r.
608 3925 665 3976 Hal.
678 3927 750 3976 locor
765 3919 890 3972 laudator.
983 3951 986 3958 ·
