2876 4704
256 297 310 388 54

256 475 453 565 videretur,
476 481 560 548 mihi
579 481 804 571 suspicionem
821 476 969 567 eliquam
986 475 1133 564 primum
1154 476 1188 542 id
1209 497 1290 544 mo-

257 597 377 687 vebat,
400 602 491 688 quod
518 595 761 688 philosophum
774 599 959 666 eonatibua
985 595 1054 664 illie
1074 607 1292 685 extempora-

258 714 354 782 libus
374 719 501 805 lyricae
523 718 732 803 tragoediae,
755 739 857 803 quam
881 737 925 782 ne
955 715 1183 783 nominaverit
1212 713 1293 802 qui-

260 835 348 922 dem,
367 833 588 904 remotissima
602 835 794 923 oigniireara
809 834 974 923 principia
989 833 1184 910 atatuebam.
1227 831 1294 900 Ne·

261 973 327 1042 que
345 953 426 1020 haee
442 952 587 1040 euapieio
603 953 668 1020 alie
688 956 832 1042 quadam
854 949 1056 1036 cogitatione
1074 951 1296 1018 minuebatur.

264 1069 439 1160 Siquidem
457 1071 678 1159 Ariatotelee‚
699 1095 778 1138 cnm
797 1073 839 1138 de
857 1048 1206 1156 mutationibuagquaa
1224 1093 1294 1158 pae-

263 1209 297 1254 ea
321 1189 493 1276 tragoedia
520 1201 622 1278 earet,
645 1191 787 1279 diceret,
808 1201 915 1274 certe,
939 1189 966 1254 ai
997 1191 1038 1254 de
1067 1188 1176 1276 lyrica
1200 1190 1296 1271 eogi-

260 1305 361 1391 tabat‚
384 1309 455 1374 eius
473 1308 508 1375 in
528 1293 749 1380 dramatioem
768 1312 1008 1396 conversionis,
1028 1310 1128 1394 longe
1144 1308 1298 1374 omnium

260 1425 496 1516 gravissimae,
530 1428 679 1518 aliquam
723 1431 861 1500 iniicere
901 1431 1108 1497 mentionem
1149 1427 1299 1493 debebat

260 1542 315 1610 Ne
347 1544 477 1637 dicem,
502 1551 613 1638 quod,
636 1553 663 1616 ai
685 1576 725 1620 eo
751 1551 971 1620 accuratioris
1000 1550 1212 1646 prooeesiaret
1241 1549 1298 1616 ille

262 1675 303 1730 ut
324 1663 452 1752 lyricae
470 1673 660 1758 tragoediae
673 1674 782 1761 prima
808 1673 902 1738 initio
922 1681 1096 1759 repeteret,
1106 1691 1184 1734 sone
1198 1691 1299 1756 quem

227 1795 229 1813 ¹
259 1784 389 1850 mirum
405 1786 513 1875 foret,
537 1792 628 1876 qnod
654 1793 779 1854 similer
804 1791 1004 1857 dramaticee
1029 1789 1174 1872 originea
1194 1787 1299 1854 silen-

261 1902 310 1968 tio
327 1904 467 1968 trenaiit.

364 2019 504 2108 ltaque,
541 2019 659 2112 denno
693 2017 886 2086 examinato
911 2019 1006 2103 loeo,
1044 2017 1142 2082 haee:
1185 2017 1300 2103 Igitur

263 2157 373 2226 quum
386 2137 489 2202 initio
516 2149 567 2222 et,
592 2161 677 2228 qnae
698 2149 903 2226 sequuntur,
927 2139 971 2204 ad
991 2135 1211 2226 ¹dramatioam
1233 2145 1300 2199 tra·

262 2254 437 2342 goediarn‚
461 2255 515 2321 do
536 2275 602 2344 qua
629 2257 730 2324 modo
755 2277 867 2322 aarmo
899 2267 987 2338 erat,
1009 2253 1182 2320 referende
1201 2273 1300 2341 eree,

261 2395 407 2466 eamque
421 2435 423 2442 ,
438 2393 521 2440 vare
552 2375 593 2439 ab
628 2374 809 2442 Ariatotele
837 2375 880 2442 eb
905 2371 996 2442 ludia
1019 2374 1098 2439 duci
1122 2385 1301 2462 extempo-

262 2492 411 2580 ralibua,
453 2492 639 2558 coniunctis
678 2515 758 2560 enm
790 2493 1026 2583 dithyrambo,
1059 2491 1303 2561 intelleximua.

264 2611 362 2680 Num
387 2633 468 2682 vero
495 2625 674 2702 propterea
697 2611 773 2698 ille,
802 2615 849 2699 id,
874 2612 968 2702 quod
1002 2612 1220 2678 casaubonua
1258 2631 1304 2677 ex

262 2730 331 2800 troo
375 2731 585 2821 potissimum
622 2731 732 2802 effecit
771 2733 865 2820 ioco,
898 2735 1049 2799 dramate
1080 2733 1122 2796 ab
1149 2733 1209 2815 iie,
1245 2728 1306 2816 qui

262 2852 415 2938 'hymnos
435 2840 651 2935 cerimonem,
672 2853 708 2920 in
726 2854 868 2928 deorum
885 2853 1073 2920 heroumre
1091 2848 1207 2914 laudes
1230 2845 1306 2913 iee-

263 2967 330 3054 ‘te‚'
356 2982 487 3056 postea*
506 2973 692 3058 tragoediaa
720 2973 886 3060 appellata
905 2993 974 3036 reae
994 2968 1101 3054 dixit,¹
1116 2979 1192 3047 eut,
1213 2965 1307 3052 quod

267 3085 439 3156 Bentleiua
457 3071 586 3175 aumait,
609 3091 817 3177 tragoediam
839 3089 930 3155 haud
947 3088 1097 3175 priorem
1115 3108 1185 3153 eree
1201 3085 1307 3152 Ther·

267 3207 346 3296 pide
371 3202 560 3275 indicavit?
590 3209 761 3296 Negamua
790 3220 987 3295 utrumque.
1039 3206 1128 3272 Nam
1168 3205 1307 3272 drama-

266 3326 333 3393 tina
361 3329 556 3414 tragoediae
587 3329 712 3416 apeoiea
736 3337 769 3391 et
792 3325 959 3413 originem
986 3336 1019 3390 et
1038 3325 1167 3391 doram
1195 3340 1311 3405 sunm,

270 3446 363 3534 quod
396 3457 525 3512 conatat
560 3447 650 3512 inter
673 3467 814 3531 omnes,
853 3444 998 3523 Athenis
1023 3443 1162 3525 habuit;
1198 3461 1311 3529 neque

273 3563 471 3632 Aristotelen
488 3567 559 3629 eina
578 3576 648 3630 tarn
666 3563 879 3650 cognationea'
900 3583 1017 3630 omnes
1040 3571 1084 3648 et,
1108 3562 1313 3649 priusquam

271 3682 453 3749 dremetica
489 3681 575 3750 faeta
605 3693 708 3770 esset,
738 3683 805 3750 feta
835 3703 1015 3767 enarrare,
1036 3700 1140 3769 quem
1168 3677 1211 3747 de
1241 3681 1315 3769 ipse

274 3813 445 3890 exponere
464 3803 579 3868 voluit.
626 3800 742 3880 Quere
767 3802 912 3889 lyricam
938 3800 1076 3889 quidem
1102 3798 1312 3887 tragoediam

274 3921 445 3990 communi
456 3922 670 4009 hymnorum
691 3920 743 3988 vel
766 3920 1067 4010 dithyrambornm
1086 3917 1231 3986 nomine
1246 3915 1319 4005 aig·
