2902 4704
1114 309 1186 398 191

158 467 255 554 eulo,
292 477 363 533 tem
387 461 535 550 grsriter
556 459 696 532 Aiscem
723 443 901 546 fefellerit,¹
920 459 1193 536 demonstrando.

161 581 202 653 ln¹
219 585 359 674 quibus,
388 601 466 647 enm
484 602 654 650 mmmom
676 581 820 648 de'orum
846 579 923 669 erge
945 579 1107 671 sepientes
1128 585 1196 651 lio-

101 753 105 757 ·
158 705 267 773 mines
293 700 534 789 benignitatem
564 721 822 789 cognoscemus:
844 698 999 789 Ulysses·
1015 723 1085 768 non
1115 709 1193 770 ossis

162 803 310 913 quodum
332 831 391 886 sut
420 819 513 907 vitio,
537 831 574 886 ut
598 821 754 888 nonnulli
783 821 1008 909 putaverunt,
1029 821 1087 886 sed
1117 823 1193 888 ideo

161 964 182 1010 e
204 952 301 1032 poete
323 937 430 1006 faesus
446 949 495 1006 est
519 937 682 1026 timidior,
706 951 744 1005 ut
768 950 844 1006 tum
863 938 1002 1026 insignis
1025 940 1096 1006 eius
1117 963 1196 1028 erge

164 1063 246 1128 deos
281 1057 469 1126 obedientia
508 1069 706 1148 appareret,
736 1035 812 1124 tum
858 1058 1000 1124 deorum
1031 1057 1067 1126 in
1097 1059 1196 1127 bonis

167 1180 300 1248 tuendis
324 1176 473 1268 potentis
508 1179 759 1268 conspiceretur
784 1175 1001 1261 admirabilis.
1043 1175 1197 1246 Brumo-

70 1323 77 1335 ·
161 1319 219 1365 eus
244 1303 286 1383 ι)
310 1307 444 1374 sutem,
468 1307 571 1385 puto,
595 1317 669 1364 sem
693 1295 907 1362 timiditatem
928 1316 999 1361 non
1022 1294 1196 1384 indignant

164 1416 287 1506 Ulysse
313 1415 493 1500 habuisset,
515 1415 542 1478 si
559 1413 735 1498 cogitasset
765 1387 865 1480 etiem
895 1413 937 1480 de
970 1412 1112 1480 honesto
1135 1425 1196 1486 va·v

163 1535 223 1602 riis
240 1533 451 1626 temporibus
472 1530 653 1599 hominum
670 1530 866 1620 opinionem
885 1551 954 1597 esse
974 1534 1114 1622 verium,
1136 1557 1198 1604 neo

162 1652 233 1720 fere
259 1652 407 1717 Graecos
428 1647 570 1716 subiisse
594 1649 763 1738 pericula,
786 1671 830 1717 ex
854 1649 975 1739 quibus
997 1671 1107 1738 neque
1123 1654 1197 1720 nti-

164 1770 265 1836 litatis
287 1789 348 1837 neo
377 1767 505 1856 glorius
533 1769 714 1858 quiequam
748 1789 782 1838 se
813 1777 988 1857 sperarent
1030 1759 1200 1859 rapturos:

167 1887 341 1956 Praeterea
365 1899 478 1954 sutem
505 1887 576 1978 ipse
609 1885 751 1978 Ulysses
779 1887 861 1954 dioit
890 1885 1007 1974 illum,
1038 1887 1067 1954 si
1093 1905 1197 1955 men-¹

171 2009 213 2075 tis
244 2030 325 2080 sure
351 2029 490 2098 compos
519 2018 616 2096 esset,
638 2007 702 2074 sibi
725 2031 796 2076 non
818 2005 893 2074 fore
920 2008 967 2073 iss
997 2006 1203 2120 terribilem

263 2177 329 2246 His
343 2179 448 2266 igitur
466 2174 666 2268 praemissis,
683 2175 839 2246 Minerva
861 2187 977 2244 evocet
993 2177 1135 2244 Aiacem
1152 2201 1198 2245 ex

161 2299 326 2382 tentorio,
356 2319 513 2396 eumque,
533 2297 629 2364 ouius
651 2290 741 2384 ipss,
763 2295 834 2381 des,
864 2295 1029 2376 mortalis,
1046 2288 1195 2364 mentem

164 2396 338 2504 pervertit,
368 2427 438 2478 tem
470 2401 589 2481 seerbe
621 2415 749 2498 irridet,
771 2426 809 2480 ut
825 2417 1081 2501 indignaremur
1109 2438 1197 2504 eum,

164 2534 229 2598 nisi
259 2531 433 2599 relietum
457 2554 574 2607 corum
603 2531 799 2599 videremus
828 2530 1001 2600 hominem
1031 2555 1198 2622 errogan-

164 2651 309 2735 tiorem,
332 2650 387 2718 vel
416 2642 566 2717 eiusdem
593 2647 674 2716 dese
695 2671 772 2737 erge
809 2645 971 2738 Ulyssem
994 2653 1097 2718 modo
1119 2675 1202 2739 cog}

164 2769 374 2836 novissemus
391 2770 576 2837 bonitstem
597 2769 771 2856 egregism.
804 2769 908 2835 Aiace
931 2788 1024 2858 sero,
1045 2770 1116 2858 qui,
1136 2772 1200 2838 sri-

164 2887 272 2956 etibus
290 2888 467 2978 iuguletis,
490 2887 700 2956 adversarios
716 2907 772 2974 se,
800 2886 939 2953 Atrides
962 2900 995 2956 et
1025 2886 1198 2978 Ulyssem,

167 3008 326 3096 opinetur
343 3007 455 3075 ultum
483 3027 572 3095 esse,
590 3025 743 3094 regresso
763 3004 801 3071 in
818 3005 1022 3094 tentorium,
1045 3009 1201 3079 Minores

169 3125 322 3192 versibus
348 3126 428 3214 illis,
450 3149 534 3215 quos
557 3125 788 3216 spposuimus,
810 3137 842 3192 et
867 3123 1024 3215 Ulyssem
1047 3140 1082 3194 et
1101 3147 1201 3220 spes-

165 3256 287 3312 tetores
312 3231 390 3314 sene
421 3267 524 3334 quern
550 3241 707 3333 grevites,
729 3265 774 3311 ne
793 3245 874 3332 quid
903 3258 1096 3334 errogsnter
1129 3266 1201 3315 un-

167 3383 268 3450 quam
298 3376 332 3432 et
353 3365 459 3453 impie
480 3376 591 3452 egent,
617 3363 824 3431 cohortatur.
891 3383 895 3391 ’

272 3485 369 3550 Certe
391 3483 456 3550 boo
492 3504 629 3571 quoque
664 3482 863 3568 exordium,
885 3481 913 3547 si
936 3481 1074 3550 vidisset
1101 3481 1202 3552 febu-

167 3599 254 3682 lem‚
283 3599 446 3668 Pindarus
461 3675 463 3682 ,
481 3602 693 3691 splendidum
727 3601 874 3668 inobosti
909 3585 1035 3687 operis*
1052 3599 1202 3668 frontem

165 3716 321 3783 dixisset!
363 3719 568 3808 Dignissime
603 3720 696 3794 enim
731 3721 783 3807 -in,
815 3741 854 3786 eo
896 3717 958 3786 des
1001 3719 1199 3804 inducitur,

168 3924 194 3994 ι)
211 3927 229 3979 1.
248 3925 265 3975 l.
279 3937 341 3980 som.
358 3925 393 3982 11.
411 3945 436 3994 p.
451 3924 509 3979 366.
