2876 4704
256 518 315 583 ea,
339 517 426 584 quae
451 493 647 562 Herodotus
676 491 717 560 de
743 491 923 584 Aegyptiis
945 491 1029 581 illis,
1061 513 1146 583 quse
1178 511 1289 587 vacat,

257 613 521 682 Bacchanalibus
551 611 709 698 tradidit,
747 611 1018 698 tranquilliorem
1064 613 1287 701 phallicorum

253 733 403 801 indicare
424 745 581 798 naturam
606 717 793 796 videntur?
826 726 960 795 Etenim
989 733 1146 800 mulieres
1181 735 1286 800 simu-

251 852 343 919 lacra
366 874 426 940 per
445 853 559 917 vicum
578 845 850 913 circumferentes
873 849 1040 936 cubitalia,
1055 853 1177 940 phallis
1193 876 1284 942 mag·

250 972 321 1056 n'is,
363 971 470 1056 iisque
500 965 686 1034 mobilibus
708 965 879 1051 instructa,
903 967 944 1031 ad
978 967 1141 1036 tibiarum
1164 995 1286 1040 sonum

194 1061 196 1070 i
252 1061 431 1173 Bacchum,
455 1087 520 1152 hoc
541 1099 600 1172 est,
622 1086 724 1151 deum
744 1083 842 1149 illum
871 1106 984 1172 suum,
1005 1089 1179 1159 canebant.
1230 1093 1289 1159 Pa.

252 1229 334 1274 rum
355 1205 390 1270 id
415 1227 603 1278 construere
632 1225 712 1269 cum
736 1203 777 1269 iis
800 1183 952 1288 ridetur,
985 1226 1071 1292 quae
1101 1207 1143 1272 de
1170 1207 1289 1278 furore

251 1320 416 1390 Bacchico
446 1314 835 1412 antiquaenarrationes
865 1341 951 1407 pene
981 1344 1102 1388 omnes
1127 1325 1288 1396 referunt.

245 1443 320 1511 'Sed
345 1445 497 1532 primum
524 1443 740 1529 cogitandum
773 1450 838 1525 est,
861 1441 897 1506 in
932 1441 983 1506 his
1021 1442 1120 1508 rebus
1155 1467 1193 1512 ea
1224 1469 1288 1534 po·

251 1553 420 1638 tissimum
452 1561 733 1648 commemorari,
763 1571 864 1648 atque
886 1555 985 1626 etiam
1017 1560 1132 1648 augeri
1170 1565 1289 1649 solere,

252 1679 339 1770 quae
386 1680 535 1748 novitate
576 1679 722 1769 quadam
767 1679 917 1744 maxime
958 1682 1113 1746 omnium
1157 1683 1287 1749 animos

251 1799 462 1886 percellant,·
509 1799 591 1883 alia,
623 1800 737 1862 minus
776 1795 964 1880 mirabilia,
1002 1795 1074 1864 fere
1111 1801 1287 1887 praeteriri

231 1903 395 2009 “silentiu
441 1913 570 1978 Deinde
586 1935 677 1996 vero,
706 1911 838 1976 etiamsi
870 1910 1100 1977 bacchationes
1121 1915 1201 1980 illae
1221 1939 1286 1982 en-

250 2033 347 2099 theae
373 2053 444 2098 non
467 2031 575 2096 solum
596 2033 638 2098 ad
659 2029 809 2118 Nysium
832 2038 866 2092 et
896 2027 1085 2095 Asiaticum
1113 2032 1285 2098 Bacchum

247 2141 450 2238 pertinuisse
475 2150 525 2237 s),
547 2171 668 2218 verum
691 2146 792 2216 etiam
819 2167 896 2210 cum
917 2147 1064 2213 Cadmeo
1087 2151 1286 2218 coniunctae

169 2289 170 2293 ’
244 2268 348 2336 fuisse
376 2269 567 2336 videantur:
590 2291 659 2334 non
688 2259 802 2332 temen
828 2264 1007 2332 reiicienda
1028 2289 1098 2333 esse
1127 2290 1165 2334 es
1187 2281 1283 2359 puto,

247 2409 334 2476 quae
358 2399 416 2453 aut
441 2387 547 2454 alium
568 2385 748 2474 quendam,
771 2382 1044 2472 moderatiorem,
1067 2387 1124 2454 dei
1153 2389 1284 2457 cultum

248 2505 458 2592 significent,
479 2517 539 2572 aut
557 2506 673 2571 saltem
695 2526 766 2570 non
791 2502 905 2568 omnis
926 2505 1017 2588 apud
1040 2530 1156 2575 omnes
1177 2508 1214 2574 in
1241 2533 1283 2576 eo

250 2646 329 2692 cum
343 2624 463 2693 furore
485 2638 557 2691 acta
584 2647 653 2692 esse
677 2624 845 2690 declarent
857 2631 903 2706 a).
927 2622 1032 2689 Cuius
1050 2627 1181 2712 generis
1200 2649 1284 2694 ver·

249 2743 284 2811 bi
314 2747 419 2832 gratia
445 2744 505 2811 illa
528 2756 628 2830 sunt,
651 2765 736 2831 quae
759 2741 959 2808 Plutarchus
981 2742 1018 2808 in
1035 2743 1158 2811 Bacchi
1182 2747 1285 2814 sacris

249 2863 486 2950 enumeravit,
507 2863 580 2930 vini
604 2863 790 2951 amphora,
812 2859 960 2949 palmitis
986 2876 1213 2952 sarmentum,
1236 2867 1283 2931 fi-

248 3001 352 3047 cuum
371 2982 468 3067 cista,
490 2981 624 3064 hircus,
647 2978 802 3066 phallus:
824 2977 950 3066 quippe
976 3000 1062 3068 quae
1081 3003 1151 3051 nou
1169 2985 1281 3050 actio.

247 3098 285 3164 ni
301 3111 350 3164 et
363 3097 498 3182 furori,
515 3099 601 3164 sicut
619 3097 751 3186 thyrsi,
774 3117 898 3184 angues
916 3095 987 3181 illi,
1019 3110 1126 3166 cetera
1152 3125 1284 3170 conve-

247 3217 359 3302 niant,
381 3217 438 3282 sed
463 3211 634 3302 graviores
659 3227 760 3304 atque
785 3215 970 3282 severiores
992 3217 1115 3287 Bacchi
1140 3221 1281 3310 religio-

246 3357 308 3402 nes
329 3335 526 3422 significent.

247 3503 273 3573 ι)
305 3508 339 3562 al.
359 3508 540 3572 strabon-XI,
559 3505 583 3573 l,
607 3527 630 3577 7.
651 3505 686 3573 X,
700 3511 725 3574 3,
755 3527 779 3582 9.
793 3526 850 3576 sqq.
871 3493 985 3560 Samuel.
1005 3509 1027 3560 1.
1053 3525 1100 3572 ro,
1119 3524 1159 3563 ao.

247 3621 276 3688 a)
301 3625 371 3678 vid.
392 3630 465 3694 plura
491 3627 540 3676 buc
562 3628 713 3691 pertinentis
742 3645 782 3692 sp·
815 3627 935 3679 Creuaer.
957 3625 975 3675 1.
1004 3625 1022 3674 l·
1057 3625 1091 3678 11.
1106 3645 1133 3694 p.
1152 3627 1194 3694 78.
1221 3647 1281 3698 sqq.

243 3717 269 3757 et
291 3707 338 3760 111.
360 3725 383 3776 p
410 3707 465 3760 161.
491 3727 546 3775 sqq.
564 3723 589 3760 et
611 3707 736 3761 Plutarch.
754 3709 866 3776 Quassus.
884 3705 930 3758 Gr.
950 3704 1080 3781 xxxvl.
1105 3727 1132 3777 p.
1154 3726 1213 3780 299.
1245 3713 1278 3765 B.
1377 3745 1385 3754 -

243 3801 270 3839 et
290 3787 321 3840 de
343 3791 377 3842 Is.
401 3805 425 3842 et
444 3791 491 3844 Os.
517 3811 543 3858 p.
564 3793 623 3858 495.
648 3791 689 3842 ed.
713 3789 800 3844 Reisk.
832 3803 857 3842 st
885 3791 953 3855 apud
988 3789 1096 3844 Psuuu.
1123 3797 1151 3846 iu
1177 3797 1278 3850 Elissa.

243 3870 314 3936 quod
331 3873 473 3937 Naronem,
490 3875 580 3926 Brachi
596 3877 679 3937 filius,
695 3877 808 3943 primum
826 3874 959 3926 Minervae
978 3876 1103 3944 templum
1121 3877 1280 3946 uendidisse,

244 3951 337 4008 denae
359 3963 436 4022 patris
452 3958 597 4033 ,iusutuisse
619 3957 730 4011 honores
746 3958 848 4010 dicitur.
