2876 4704
1158 167 1213 326 aa

176 423 252 488 itata
271 421 442 508 tragoedia
465 417 638 509 profecta,
668 399 839 508 principio
866 413 1014 485 'voratos’
1033 401 1120 502 esse,
1143 441 1212 487 non

176 541 403 626 tragoediam,
441 537 590 604 sedulio
612 538 767 624 nomine,
790 536 1077 624 dithyrambum”
1114 537 1211 622 dioit3

178 667 215 719 ut
233 679 439 744 magnorum
458 657 612 722 virorum
632 653 718 721 altor
734 656 922 742 tragoedias
946 655 1044 721 initio
1063 656 1214 722 dramata

176 770 277 844 fuisse
290 775 463 858 sumserit,
481 797 567 862 quaa
582 787 640 840 ant
656 775 867 863 hymnorum
884 759 972 860 loco',
988 786 1047 840 aut
1063 774 1211 864 interpo-

178 890 238 954 sita
263 893 353 958 inter
368 893 512 982 hymnos
530 907 731 982 agerentur3
758 891 802 981 1)·
825 895 915 960 alter·
929 893 1116 981 tragoedias
1135 907 1210 960 ante

175 1005 354 1097 »Thespidis
364 1025 499 1080 aetatem
520 1026 578 1078 aut
596 1025 724 1101 partem
739 1011 1038 1108 dithyrambos-um
1050 1013 1209 1100 autipsos

176 1123 409 1216 dithyrambos
435 1132 560 1199 facerit.
595 1133 954 1216 casaubonus-autem,
974 1131 1034 1218 qui
1060 1130 1211 1196 inomni

177 1250 369 1332 quaestione
382 1275 439 1316 sua
457 1253 525 1338 egit
542 1250 740 1334 cautissime,
751 1271 812 1314 cur
825 1272 899 1315 eam
914 1250 1210 1338 potissimumsen·
1246 1235 1251 1248 ¹

91 1417 94 1424 .
171 1369 313 1432 tentiam
331 1368 445 1454 ferret,
463 1381 553 1433 certe
582 1389 695 1430 causas
718 1365 872 1432 hahuisse
896 1346 1019 1433 muitas
1044 1380 1210 1454 etgraves

170 1485 311 1549 videtur
329 1503 437 1568 eoque
453 1483 550 1546 nobis
567 1465 764 1564 'diligentius
786 1485 1040 1570 expendendas,
1062 1508 1129 1573 quo
1152 1487 1209 1552 vel

170 1599 291 1685 ipsum
310 1621 434 1662 nornen
451 1598 519 1663 viri
541 1596 662 1661 clarius
680 1609 738 1682 est,
754 1599 810 1664 vel
826 1621 890 1679 res,
912 1601 954 1664 de
970 1621 1034 1686 qua
1052 1603 1209 1690 discepta-

174 1724 246 1798 tur,
263 1714 480 1800 impeditior.
504 1715 594 1796 Quid
618 1709 736 1782 enim?
757 1737 836 1782 cum
860 1717 1059 1785 Aristoteles
1079 1729 1209 1806 tragoe-

177 1831 267 1897 diam
278 1846 470 1899 ortam‘esse
486 1835 528 1899 ab
545 1835 585 1900 iis
599 1837 695 1921 dicat,
708 1837 767 1922 qui
785 1835 1042 1926 dithymmbnm
1059 1839 1207 1906 ederent:

173 1975 287 2018 nonne
308 1955 350 2020 de
370 1954 491 2039 modo,
516 1975 583 2040 quo
605 1955 641 2020 id
664 1955 789 2022 factum
812 1959 872 2044 sit,
895 1981 959 2023 nos
988 1955 1022 2022 id
1046 1958 1206 2024 certiores

170 2070 288 2157 faciat,
313 2073 404 2158 quod
435 2073 554 2136 eodem
572 2072 607 2137 in
634 2075 710 2137 loco
733 2073 942 2141 relatum'de
964 2077 1137 2143 comoedia
1171 2084 1205 2142 et

171 2189 324 2276 phaliicis
348 2185 519 2278 legimus?
543 2191 690 2258 Phallica
714 2195 823 2278 enim,
848 2194 960 2281 qualia
988 2195 1128 2279 fuerint,
1159 2204 1202 2278 εἰς

171 2311 344 2394 quomodo
373 2310 567 2374 comoediae
593 2313 673 2377 dare
699 2313 866 2398 originem
888 2313 1078 2399 potuerint,
1102 2310 1207 2395 aptis*

169 2427 252 2494 sime
273 2429 316 2493 ad
335 2449 408 2493 ram
426 2417 582 2494 nostram*
598 2431 688 2515 opud
710 2426 926 2496 Athenaeum
943 2427 1061 2497 Semina
1084 2429 1205 2495 Delius

169 2547 268 2612 docet
290 2547 341 2636 a),
373 2545 621 2631 Phallophoros
649 2549 797 2634 primum
825 2549 961 2635 quidem
978 2552 1015 2616 in
1030 2547 1204 2614 Bacchum

135 2711 138 2720 ,
170 2665 429 2752 hymnosrsuos
459 2651 666 2758 decantasse3
697 2666 817 2730 deinde
850 2689 932 2732 vero
965 2667 1203 2752 procurat-risa

167 2764 204 2851 se
232 2798 266 2850 et
295 2795 520 2871 spectatores,
552 2805 638 2870 quos
677 2783 836 2868 vellent‚=
858 2783 1005 2848 irrisisse
1042 2780 1201 2852 reterens.

168 2906 295 2971 Nonne
316 2903 422 2989 igitur
443 2903 515 3004 ucri
539 2923 643 2991 quam
678 2902 893 2966 simillimum
923 2901 1096 2970 videatur:
1116 2902 1202 2970 sicut

169 3024 324 3115 phallieis
363 3023 503 3108 adiungi
542 3023 623 3087 haec
662 3021 828 3090 cavillatio
868 3022 1007 3088 soleret:
1052 3025 1097 3088 ita
1143 3025 1200 3087 di·-
1239 3045 1245 3054 “

168 3142 359 3233 thyramhis
396 3141 493 3206 initio
531 3141 674 3227 tragicos
721 3153 858 3218 conatus
894 3141 998 3208 fuisse
1042 3132 1201 3206 additos?

211 3261 217 3275 i
272 3293 386 3374 Quam
405 3303 517 3398 autem
532 3292 629 3360 facile
651 3293 693 3359 ad
711 3295 854 3384 priscam
871 3295 961 3360 illam
981 3293 1097 3382 poesin
1112 3293 1200 3395 aetio

168 3504 194 3568 a)
227 3504 268 3554 Ex
292 3503 434 3555 casauboni
455 3503 501 3553 illo
518 3503 576 3554 loco
591 3519 645 3554 nou
660 3503 719 3555 satis
742 3507 861 3570 apparat,
879 3519 928 3568 qua
946 3503 1046 3552 ratione.
1061 3498 1127 3548 haec
1143 3493 1201 3546 edi-

168 3600 193 3638 ta
214 3603 267 3636 esse
287 3585 398 3636 dramata
413 3589 534 3652 posuerit.
567 3587 634 3637 Cum
652 3603 712 3635 vero
733 3571 838 3636 omnam
862 3584 1106 3636 demonstrationem
1128 3591 1221 3628 arram·

167 3671 280 3720 maxime
294 3667 325 3718 ad
338 3669 482 3720 Aristotelis
504 3668 535 3718 da
552 3671 651 3734 poetica
671 3667 866 3735 disputationem
887 3666 1025 3720 direxerit:
1042 3664 1069 3711 iu
1085 3678 1141 3710 mea
1156 3663 1200 3741 iu·-

167 3753 348 3818 terpretatioue
368 3751 429 3802 mihi
450 3769 503 3802 non
521 3752 650 3802 aberrasse
671 3753 702 3800 ab
723 3755 876 3801 cinamomo
902 3749 1004 3800 videor·

167 3867 195 3932 2)
230 3868 324 3934 Deipn.
337 3885 362 3934 p.
379 3865 436 3920 622.
