2864 4710
1098 315 1182 404 525

153 478 438 562 demonstratione
455 491 693 582 ·poterat;=seti
726 490 840 579 legum
866 492 1035 559 severitati
1063 493 1185 560 adiun-

154 612 283 698 gendus
311 623 422 677 terror
446 621 536 689 erat,
559 631 627 698 quo
655 611 697 677 eb
725 610 906 677 sceleribus
936 611 1093 680 effrenata
1114 611 1189 676 eni-

150 749 291 796 snorum
315 729 422 795 libido
446 740 479 795 et
495 727 654 795 violentie
675 729 904 818 repelleretur.
947 729 1064 820 Itaque
1089 741 1187 798 rete·
1302 819 1311 835 „

148 869 206 914 res
233 848 349 936 pepuli
375 847 602 916 moderatores
625 848 687 935 itti,
709 869 812 936 reges,
830 847 1035 930 sacerdotes,
1056 861 1186 940 poetee,

150 964 387 1052 legumlatores
403 966 614 1053 grevisaimes
630 967 718 1032 mele
733 966 829 1034 fectis
854 990 978 1057 poenes
996 989 1184 1058 proposue-

149 1096 252 1170 runt,
273 1083 490 1171 fabulesque,
513 1106 657 1172 querum
682 1088 841 1178 exemplo
869 1099 1046 1156 monerent
1068 1085 1185 1151 homi·

146 1223 229 1292 nea,
251 1225 330 1268 cum
348 1203 428 1268 alies
451 1193 585 1288 multas,
606 1205 648 1270 tie
673 1205 804 1290 lxione,
835 1204 998 1287 Tanteio,
1022 1203 1183 1292 Sisypho,

147 1319 264 1388 Niobe
277 1323 516 1388 confinxerunt
532 1325 577 1404 ι),
599 1331 673 1388 tum
686 1344 767 1389 vero
784 1323 846 1387 hec
863 1322 905 1390 de
923 1323 1006 1390 Leic
1025 1333 1057 1390 et
1077 1319 1184 1388 Oedi·

149 1459 197 1526 po
232 1442 424 1508 narratione
452 1441 639 1506 docuerunt
666 1462 741 1526 eos,
777 1463 848 1505 nun
885 1442 996 1507 solum
1034 1441 1071 1508 in
1105 1463 1185 1506 eum

148 1557 273 1643 ipsum,
304 1559 362 1646 qui
381 1557 523 1622 deorum
550 1561 730 1646 sprevisset
748 1559 905 1647 cracuie,
936 1561 994 1627 aed
1020 1560 1056 1626 iu
1079 1579 1184 1630 omne

149 1690 256 1759 genus
279 1677 350 1742 eius
387 1676 516 1742 irruere
554 1678 662 1763 mela,
701 1689 850 1765 quorum
884 1693 945 1744 nac
979 1678 1083 1744 finem
1120 1697 1184 1742 nec

146 1793 291 1860 niodum
314 1794 466 1860 mortalis
482 1795 658 1882 quisquam
676 1808 785 1884 poscet
801 1797 997 1884 praevidere
1020 1794 1065 1885 e).
1087 1793 1184 1862 Haec

117 1895 119 1902 ’
144 1912 268 1998 igitur,
292 1935 377 2002 ques
399 1913 458 1980 diu
476 1927 553 1980 ente
568 1915 639 1980 eius
655 1925 794 1982 aetutem
817 1915 954 1981 invente
980 1926 1094 1999 erent,
1117 1913 1183 1980 Su-

144 2031 287 2120 phocles
319 2033 357 2099 in
384 2053 481 2098 scene
501 2032 630 2101 civibus
667 2035 845 2122 proposuit
866 2035 953 2122 suis,
976 2057 1016 2102 eo
1043 2035 1181 2122 gravius
1232 2079 1243 2088 -
1296 2077 1299 2084 ‚

142 2153 423 2238 commonendis,
444 2175 532 2242 quc,
556 2154 665 2220 indies
690 2167 861 2222 crescente
894 2153 1095 2239 temeritate,
1119 2174 1181 2218 ve·
1234 2206 1237 2214 ,

142 2275 217 2334 tere
233 2271 384 2338 institute
405 2273 520 2340 omnis
537 2284 570 2340 et
586 2272 721 2342 urecula
737 2272 898 2339 texebant
917 2273 1083 2339 licentius.
1127 2273 1183 2336 Ac

149 2386 254 2456 Leius
282 2391 421 2476 quidem
444 2401 555 2456 morte
581 2413 660 2476 sua,
683 2411 770 2478 qnee
796 2400 955 2454 narretur
979 2390 1015 2455 in
1041 2388 1104 2453 hec
1129 2385 1183 2452 fe-

143 2489 248 2592 bula,
271 2504 377 2572 malae
407 2506 682 2596 intemperantiae
707 2507 808 2571 iustas
835 2505 1181 2594 puenaadedit310·

140 2635 235 2687 eeste
257 2645 353 2708 vere,
382 2624 465 2694 levis
493 2635 527 2691 et
547 2626 654 2714 impie
687 2623 920 2694 vaticiniorum
956 2623 1180 2712 contemnite,

143 2753 325 2829 postquam
356 2763 393 2808 ee
419 2767 499 2812 vere
524 2744 728 2832 praedixisse
751 2743 865 2810 futura
899 2742 1086 2828 intellexit,
1116 2742 1175 2808 in·

140 2860 301 2946 gentibus
323 2862 391 2928 auia
408 2863 556 2950 perculsa
583 2863 692 2949 maiis,
714 2884 750 2929 se
778 2863 961 2952 enspandit
1004 2859 1174 2928 Inlelicis-

143 2979 252 3045 simus
279 2983 433 3082 emnium
467 2995 515 3047 est
538 2980 712 3070 Oedipus,
734 2983 829 3047 cuius
853 2980 954 3070 culpa
974 2977 1177 3046 omniafere

142 3097 369 3185 mitreum,
391 3101 483 3189 quod
506 3112 604 3167 natus
626 3111 718 3166 earet.
757 3099 794 3166 *Is
811 3101 913 3190 enim,
938 3100 1060 3168 uectus
1077 3121 1095 3164 a
1114 3120 1174 3187 pa·

142 3215 336 3289 rantibuiet
348 3217 549 3288 Corinthum
567 3219 608 3286 ed
626 3219 806 3309 Polybum,
817 3220 1092 3308 regem,¹delatua,
1108 3220 1179 3285 eiua

144 3334 256 3403 filium
282 3357 318 3402 se
343 3336 500 3425 putebat,
524 3341 630 3406 donce
656 3339 840 3427 aliquunde
863 3340 899 3406 iu
923 3340 1097 3426 convivio,
1127 3359 1172 3404 ex

143 3455 251 3540 ebrio,
273 3476 309 3523 ae
323 3457 575 3546 supposititium
603 3481 673 3525 esse
689 3459 830 3527 audivit.
874 3459 952 3525 Hoc
969 3480 1104 3547 quoque
1119 3482 1176 3526 ea-

148 3602 173 3668 rl
190 3609 224 3660 cl.
241 3607 273 3660 da
287 3612 339 3663 aliie
357 3611 447 3665 tatutis
466 3611 498 3664 ad
513 3612 676 3681 rependeret
691 3613 820 3666 docendo·
835 3613 954 3666 homines
969 3617 1080 3668 inventis
1096 3615 1175 3669 Hom.

146 3689 181 3741 ll.
204 3687 240 3740 V.
254 3691 312 3744 405.
333 3711 389 3762 sqq·
410 3695 516 3752 Asuui.
539 3695 614 3751 Polis.
635 3695 710 3750 V111.
732 3697 757 3761 6,
780 3698 804 3750 8.
827 3696 954 3748 Plutarch.
979 3698 1105 3751 Themin.
1134 3715 1174 3768 19.

146 3773 179 3822 cl.
204 3771 302 3823 Jacobs.
322 3775 341 3824 l.
355 3778 373 3827 Ι.
398 3789 462 3828 tom.
494 3777 542 3832 lv.
575 3799 598 3846 p.
615 3795 671 3832 122.
690 3798 729 3848 sq.
748 3794 774 3832 et
793 3779 916 3832 Herodot-
933 3779 995 3833 vlt.
1012 3783 1070 3846 ²37·
1163 3775 1165 3782 ’

142 3873 168 3932 :tl
187 3869 286 3922 Eedent
304 3875 436 3927 serariute
456 3879 534 3928 etism
554 3878 667 3947 Moysen,
686 3881 887 3947 repientieaimne
909 3881 1054 3948 legislator,
1076 3882 1106 3932 iu
1126 3899 1174 3935 see

148 3955 245 4020 populo
267 3971 326 4006 usne
347 3969 393 4008 aet·
406 3957 438 4008 ci.
452 3958 537 4010 Excd·
559 3959 617 4012 XX.
638 3961 662 4014 5.
