2894 4700
1106 319 1187 436 249

163 481 294 582 osbras,
316 465 471 560 videlieet
498 487 688 579 quindecim
712 497 788 577 post
810 489 937 556 sanos!
958 492 1190 579 periisseoon.

162 614 335 698 queritur3
358 611 463 676 invita
497 631 560 694 per
594 607 792 695 Aegisthum
830 609 872 674 ed
905 609 1065 678 infestum
1088 611 1191 683 ludo.

161 751 240 797 rum
264 729 402 796 illorum
430 727 644 818 splendorem
667 725 832 811 trabitur3
862 729 981 795 metuit
997 731 1038 797 ab
1074 733 1193 801 Oreste

164 863 197 914 et
231 839 378 932 Electra3
401 849 469 914 imo
486 850 599 934 timet,
621 867 664 912 ne
694 847 853 933 gravibus
877 847 961 934 illis,
988 851 1109 937 quibus
1125 853 1194 940 agi·

164 979 273 1055 tetur,
297 967 470 1033 doloribus
490 989 583 1032 mors
601 987 680 1050 sus,
703 985 804 1051 quam
830 966 1017 1034 desiderare
1039 972 1093 1035 rel
1118 993 1194 1036 me-

165 1086 260 1152 xime
285 1086 443 1174 debebat,
466 1086 677 1154 acceleretur.
722 1082 761 1148 ln
779 1084 830 1150 his
855 1085 1011 1150 omnibus
1039 1089 1195 1158 miseram

157 1222 184 1270 ‘e
217 1205 319 1292 vulgo
351 1206 529 1272 mulierem
571 1205 802 1293 agnoscimus3
832 1204 890 1270 sed
921 1206 1088 1272 miramur
1114 1229 1207 1296 pro-·

164 1321 270 1409 ferto,
292 1345 369 1392 oum
394 1303 660 1413 Clytaemnestra
678 1323 747 1387 iam
764 1343 798 1385 se
825 1321 860 1386 id
877 1333 1009 1387 tantum
1040 1324 1120 1390 dioit
1136 1349 1194 1392 ex·

164 1453 301 1530 optare,
322 1455 359 1508 ut
389 1456 559 1508 extremos
585 1441 675 1504 vitae
710 1460 788 1505 sure
814 1439 884 1504 dies
914 1443 1095 1527 tranquille
1128 1445 1211 1510 ·de-·

164 1583 243 1646 gere
282 1562 372 1626 inter
406 1581 485 1624 suos
522 1553 642 1646 possit!
682 1559 818 1644 Quippe
851 1559 931 1624 haee
960 1569 1029 1624 tam
1058 1561 1195 1650 indigne

165 1689 214 1742 est
244 1678 420 1764 cogitatio,
443 1687 481 1742 ut
498 1675 698 1761 indignitate
723 1686 855 1742 tentum
881 1678 1065 1744 erratione
1094 1701 1194 1767 supe·

166 1807 278 1883 retur,
301 1818 368 1882 qus
407 1795 619 1882 potissimum
658 1794 743 1859 illud
767 1817 801 1860 se
838 1808 949 1882 speret
971 1781 1200 1866 assecuturum

167 1935 247 1979 esse.
272 1913 442 1980 Hortatur
467 1915 554 1979 enim
581 1898 772 1998 Electram,
795 1923 832 1977 ut
850 1915 891 1978 de
915 1911 1035 1981 Oreste
1059 1919 1196 2004 quidem

166 2032 202 2098 i'n
222 2045 430 2119 postremum
464 2057 505 2098 ne
530 2033 706 2120 loquetur,
729 2032 785 2097 sed
818 2031 978 2099 Plistheni
1009 2047 1046 2099 ut
1080 2037 1195 2130 nubat,

166 2145 342 2236 Aegisthi,
377 2153 481 2240 patris
506 2149 741 2235 interfectoris,
769 2149 857 2236 filio,
884 2162 964 2217 tuno
984 2154 1121 2239 quidem
1156 2156 1198 2221 sd
1274 2181 1276 2186 ·

168 2269 324 2354 Orestem
350 2269 479 2335 insidiis
507 2270 727 2344 occidendum
762 2283 900 2357 epatre
918 2267 1049 2338 emisso!
1075 2277 1108 2357 ι)
1136 2275 1195 2340 Ab

167 2387 353 2454 Aristotele
394 2387 614 2474 Euripidem,
663 2389 753 2474 quod
799 2403 931 2473 praeter
970 2393 1198 2458 necessitatem

169 2505 365 2571 Menelaum
397 2515 534 2593 turpem
565 2503 700 2587 fecerit,
722 2505 867 2589 graviter
895 2505 1081 2595 vituperari
1112 2532 1199 2576 oon-

170 2635 253 2709 stet,
277 2645 337 2708 ego
361 2644 460 2709 vero,
484 2624 546 2688 lise
576 2624 859 2710 Clytaemnestrae
875 2625 1095 2714 turpitudine,
1118 2631 1200 2714 quid

170 2741 310 2828 eogitari
339 2743 472 2828 turpius
503 2741 624 2829 possit,
649 2763 716 2806 non
739 2741 886 2806 invenio.
932 2742 1052 2830 Neque
1075 2731 1201 2813 Volte-

91 2847 94 2856 ⁸
169 2861 241 2927 rius
268 2881 306 2925 ea
331 2861 511 2948 quidquam
533 2857 663 2940 voluit,
687 2857 769 2936 nisi,
793 2871 831 2924 ut
851 2859 1003 2947 Electra,
1033 2871 1209 2950 quantur'n
1247 2841 1251 2854 ⁵

170 2979 366 3046 abhorreret
388 2981 430 3045 sb
451 2979 514 3046 heo
546 2978 704 3063 inferuis,
728 2979 827 3044 matri
855 2977 1055 3068 declararet3
1087 3004 1199 3072 quau.

173 3121 275 3187 quum
299 3099 399 3166 etism
428 3119 464 3166 en
484 3099 595 3162 statim
620 3111 694 3186 post
721 3096 837 3164 metris
866 3097 1019 3181 ebitum,
1040 3114 1129 3169 oerte
1144 3105 1200 3176 in·

172 3218 396 3303 constantius,
419 3217 592 3305 poenitere
612 3239 647 3284 se
665 3218 757 3283 illius
778 3217 1007 3286 vehementiae
1022 3242 1102 3288 suae
1116 3244 1201 3311 pro.

172 3339 294 3404 litetur.
339 3336 428 3416 Quid
454 3359 534 3424 ergo
561 3336 687 3421 refert,
711 3337 739 3401 si
765 3349 854 3403 recte
883 3339 965 3403 haee
987 3341 1200 3427 notavimus,
1273 3387 1275 3396 ι

170 3457 345 3544 plurimos,
371 3477 455 3539 quos
470 3455 644 3522 Voltariu's
663 3454 949 3540 Clytaemnestrae
970 3459 1098 3542 tribul,
1119 3482 1201 3526 rer-

172 3597 229 3639 sus
255 3571 409 3641 laudibus
439 3574 580 3660 efferre,
601 3585 640 3638 ut
658 3569 984 3661 praestantissimos?
1006 3578 1128 3644 seilicet
1149 3579 1200 3643 sio

173 3701 252 3757 eum
280 3692 505 3758 mediocribus
522 3695 632 3780 agitur
654 3693 780 3782 poetis3
803 3693 1024 3762 eminentibus
1048 3696 1116 3762 illis
1142 3695 1203 3762 ina

142 3931 144 3936 Ι
175 3862 199 3927 ι)
218 3865 275 3916 Non
293 3863 345 3914 iere
360 3878 421 3916 tuno
437 3867 521 3919 subito
536 3867 736 3935 Clytaemnestra
759 3869 786 3919 in
810 3869 875 3926 bano
894 3872 1071 3936 rogitationeln
1092 3867 1182 3920 incidit
1192 3882 1202 3932 ,·

91 3988 93 3992 .
174 3948 219 4000 sed
232 3947 277 4000 diu
294 3961 433 4002 antonem
446 3961 506 4000 enm
519 3949 640 4016 Aegistho
654 3953 760 4003 lubebat
776 3965 961 4018 oomporatam:
985 3949 1042 4002 Aet.
1063 3951 1097 4000 ll.
1116 3951 1157 4002 Sc.
1175 3951 1204 4007 st.
