2902 4704
234 291 315 356 120

229 440 279 508 lio
313 442 426 512 dicero
457 455 492 511 st
521 465 642 534 ugus:
671 445 771 514 Solon
797 449 1007 521 uehementer
1024 459 1125 518 terro
1152 446 1268 520 loculo

228 563 590 650 continuarunt,
615 565 747 654 inquit,
782 567 908 636 huncce
947 570 1074 657 uuum,
1100 572 1131 638 si
1142 570 1270 660 prolu-

231 681 396 770 serimus,
424 685 461 748 in
487 683 559 748 oito
592 693 624 746 et
652 685 799 768 negotiis
827 689 1041 774 reperiemus.
1086 691 1267 776 Postquam

230 811 428 872 usrosamet
460 799 530 886 ipss
562 799 731 868 sauciavit
765 801 964 891 Pisistratus
994 820 1112 896 atquc,
1143 812 1182 874 in
1201 805 1267 894 fh*-

235 939 312 982 rum
342 929 449 990 uectus
484 914 614 1003 rlsedn,
653 917 831 1008 populum,
868 924 965 1009 quusi
999 927 1266 996 aduersariorum

235 1035 390 1122 insidiis,
413 1035 636 1124 Reipublicae
653 1060 772 1124 sousa,
799 1051 883 1104 esset
906 1041 1168 1128 circumventus,
1189 1063 1268 1114 oon-2

230 1151 367 1229 citavit,
407 1151 592 1246 vulgusque
622 1155 866 1242 indignabatur
903 1159 1010 1230 uicem
1037 1159 1108 1224 cius
1135 1173 1167 1224 ct
1184 1156 1266 1244 fre·

230 1267 360 1334 medat:
389 1273 550 1339 accedens
587 1275 635 1340 od
664 1297 742 1342 eum
771 1275 888 1360 Solon,
910 1301 976 1341 non
1001 1275 1100 1362 bene,
1136 1263 1265 1362 inquit,

219 1383 287 1476 fili
311 1389 546 1482 Hippocratis,
575 1393 801 1462 Homericum
834 1395 984 1484 Ulyssem
1006 1396 1091 1484 ogis.
1134 1393 1267 1461 Eodem

227 1507 321 1572 enim
347 1520 385 1575 tu
416 1510 464 1578 od
477 1513 565 1580 cives
593 1513 805 1604 decipiendos
821 1511 926 1603 focis,
948 1513 1061 1606 quibus
1082 1513 1138 1580 ille
1158 1510 1268 1576 hosti·

226 1625 285 1690 lius
310 1628 487 1718 imposuit,
503 1631 634 1720 flagris
655 1654 765 1721 perse
795 1634 905 1722 ipsum
926 1633 1162 1700 delsouestulus.
1206 1609 1270 1694 Εἰ

230 1745 295 1812 hoc
315 1749 419 1836 igitur
445 1727 751 1842 loco,'cumposito
774 1774 851 1818 cum
877 1752 950 1817 aliis
972 1754 1013 1816 de
1030 1753 1154 1818 Solone
1181 1736 1269 1816 uss-¹

229 1867 438 1949 ratiunculis,
460 1865 727 1948 Kanogiesserus
749 1865 928 1952 Solonem,
954 1881 1027 1954 post
1049 1870 1184 1951 longum
1201 1889 1264 1954 pe-

228 1983 491 2068 regrinationem
517 2003 689 2048 reversum
714 1981 886 2068 Athenas,
912 2005 1019 2070 neque
1045 1983 1185 2074 populo,
1210 2003 1264 2046 ne-

231 2121 297 2190 que
321 2099 491 2166 Pisistrato
509 2101 693 2166 admodum
725 2111 897 2187 acceptum
914 2097 1014 2166 fuisse
1031 2099 1169 2186 colligit.
1214 2097 1266 2164 Pi·¹

230 2220 400 2285 sistrstum
427 2218 536 2302 enim,
561 2229 593 2283 et
623 2219 903 2286 studiosissimum
932 2200 1156 2284 multitudinis
1180 2228 1211 2281 et
1228 2217 1266 2282 in

232 2337 352 2429 primis
378 2339 408 2403 ei
429 2319 622 2428 probatum,
636 2337 701 2402 ism
720 2349 802 2400 tuuc
821 2337 969 2404 maxime
990 2325 1136 2404 summas
1151 2356 1269 2400 rerum

228 2455 404 2546 cupivisse,
432 2455 468 2520 in
486 2477 594 2548 coque
607 2456 798 2548 praecipue,
810 2479 851 2522 ne
871 2461 931 2550 'per
943 2455 1103 2522 Solonem
1121 2455 1265 2540 impr-di-

229 2586 346 2661 retur,
372 2597 442 2640 csse
469 2575 629 2641 veritum.
680 2575 797 2668 Itaque
822 2577 864 2642 ud
893 2569 985 2646 hunc
1008 2576 1269 2670 deprimendum

230 2715 310 2760 eum
348 2693 521 2786 Thespide
553 2687 659 2760 usum
684 2719 766 2784 esse,
786 2688 824 2761 ut
841 2699 936 2762 ouius
954 2694 1062 2784 ludos,
1087 2697 1144 2790 qui
1167 2696 1267 2761 vulda

233 2812 487 2882 multitudinem
516 2812 755 2904 delectarent,
791 2817 893 2882 etism
927 2814 1023 2880 illum
1067 2826 1267 2880 attrecturos

230 2954 300 2997 esse
319 2945 415 2997 acuta
435 2931 656 3022 praevideret.
699 2934 799 3014 Quod
817 2956 895 3002 oum
915 2907 1074 3000 evenisset
1093 2934 1147 3018 ita,
1161 2933 1266 2996 Thes·

229 3049 345 3137 pidem
371 3062 443 3117 sete
470 3073 529 3117 sua
558 3039 720 3118 Solonem
743 3051 789 3120 sic
816 3040 885 3117 esse
914 3051 1101 3136 imitatum,
1125 3061 1163 3116 ut
1191 3062 1267 3116 tum

231 3181 459 3257 spectatorum
492 3170 599 3236 risum
633 3171 818 3258 eximium,
840 3182 914 3236 tum
936 3145 1132 3255 legislatoris
1162 3167 1268 3237 vehe-

228 3299 376 3354 mentem
400 3288 435 3354 in
457 3311 492 3354 se
513 3289 598 3356 imm
623 3289 793 3356 excitaret.
844 3289 1041 3378 Nescimus,
1071 3309 1180 3355 aunon
1211 3285 1265 3352 vir

229 3409 352 3475 doctus
383 3406 590 3498 Thespidem
622 3411 831 3496 comoediae,
852 3431 924 3476 uon
947 3406 1135 3502 tragoediae
1154 3401 1264 3469 fecere

229 3526 448 3594 inventorem
484 3526 635 3594 voluerit
648 3576 669 3618 „
682 3551 790 3617 neque
820 3529 862 3595 ud
903 3530 937 3595 id
974 3527 1151 3609 habemus,
1175 3523 1267 3610 quod

117 3714 119 3720 ,
228 3643 502 3733 respondeamus.
553 3639 618 3712 Sed
642 3661 731 3715 certe
755 3648 790 3714 id
807 3645 931 3714 falsum
960 3657 1025 3729 est,
1049 3643 1137 3730 quod
1163 3639 1264 3708 Solo·

197 3784 308 3846 ‚uem
324 3775 357 3832 st
385 3765 490 3850 vulgo
515 3777 548 3831 et
571 3765 740 3832 Pisistrato
762 3778 843 3830 tunc
871 3763 1056 3834 contemtui
1079 3773 1111 3831 et
1131 3761 1269 3828 moles--

230 3892 303 3950 tum
330 3882 434 3949 fuisse
452 3884 556 3952 docet.
603 3885 710 3969 Nam,
733 3882 915 3971 quibusisl'
929 3882 1074 3974 probare
1090 3881 1197 3950 studet
1213 3879 1260 3950 lo·
