2894 4700
1104 316 1195 406 219·

159 467 393 544 doloreetiem
421 465 592 532 Electram
613 459 723 546 afficit,
746 482 824 528 casn
842 473 1060 550 praesentem.
1094 465 1198 548 Haec,

160 589 274 656 omnia
297 598 365 653 tam
392 586 558 675 simplicia
589 596 954 672 temperaremus,
973 595 1013 650 ut
1040 607 1084 652 ex
1115 587 1191 674 ipsa

158 719 281 774 natura
312 727 471 794 expressa
492 727 563 772 esse
589 703 791 788 rideantur3
815 703 919 790 quod.
939 715 1053 772 autem
1081 706 1199 772 Aris-.

158 826 277 892 toteles
301 825 344 890 de
373 825 514 914 Pythiis
530 823 627 890 ‚ludis
654 824 887 891 narrationem
919 821 1028 905 ttlam,
1042 828 1198 914 graviter¹

159 943 391 1030 reprehendit,
413 955 450 1008 ut
470 943 638 1032 ineptam:
660 944 699 1010 in
718 965 760 1011 ec
785 943 892 1028 egerit
918 939 1128 1010 festinantius
1150 949 1196 1032 r)a·

161 1062 266 1149 Nam,
292 1061 383 1152 qnod
402 1035 593 1130 scholiastes
609 1073 735 1149 monet,
758 1059 888 1128 Orestis
904 1063 1115 1152 temporibus
1132 1062 1199 1130 hoa

160 1182 317 1250 nondum
339 1182 506 1249 exstitisse
522 1183 641 1268 ludos,
663 1182 699 1247 id
723 1200 795 1248 non
816 1192 900 1268 puto
920 1183 1064 1248 uoluisse
1092 1182 1199 1248 Aris-

162 1300 313 1368 totelem:
334 1299 502 1386 siquidem
521 1299 621 1366 valde
645 1298 786 1390 dubito,
808 1299 892 1385 quin
906 1300 950 1366 de
972 1321 1053 1365 vera
1070 1301 1199 1368 horum

160 1417 475 1503 ludorum-origine
487 1417 553 1504 ipsi
573 1416 770 1483 constiterit.
793 1417 853 1484 Ab
875 1439 917 1484 eo
944 1439 1026 1484 vero
1044 1418 1203 1506 criminep

164 1537 256 1622 quod
272 1535 433 1602 facillime
449 1535 487 1602 in
506 1557 543 1600 ea
565 1534 692 1602 horum
712 1534 876 1602 ludorum
896 1535 1088 1606 celebritate
1105 1536 1204 1604 frene

162 1657 241 1721 dem
258 1652 381 1724 facum
400 1654 615 1740 detexissent,
637 1654 765 1743 optime
788 1654 995 1744 Sophoclem
1014 1655 1204 1722 Molardus.

162 1771 314 1840 defendit
325 1773 710 1862 indissertationeaupra
723 1773 858 1840 laudata
875 1777 925 1858 a).
943 1773 1096 1860 Accedit,
1106 1773 1201 1861 qnod

162 1891 379 1978 Psedagegus
395 1893 530 1957 et'tarn'
549 1904 702 1959 accurate
726 1915 780 1960 res
812 1891 873 1959 rel¹
896 1892 1081 1960 levissimas
1098 1915 1203 1960 ener-

162 2013 264 2098 rarit,
285 2023 320 2078 et
340 2011 485 2077 horrore
502 2021 596 2078 tauto
611 2012 784 2080 audientes
802 2012 1001 2094 commovit,
1023 2023 1062 2078 ut
1078 2013 1119 2078 de
1137 2015 1212 2080 re-'

162 2131 261 2198 ritate
282 2150 378 2196 casus
401 2129 545 2196 dubium
557 2127 601 2197 iis
618 2143 688 2200 teor
705 2132 858 2200 celeriter
882 2133 967 2198 oriri
988 2153 1058 2198 non
1079 2142 1203 2218 posset.

165 2249 230 2316 Sed
258 2251 475 2335 paedagogos
504 2250 657 2336 primum
682 2250 756 2317 sine
779 2251 901 2318 Oreste
926 2261 959 2327 et
985 2249 1114 2338 Pylade
1137 2249 1200 2315 ad·
1305 2331 1315 2354 θ

71 2387 74 2394 “
165 2368 279 2454 venit,
299 2389 338 2434 ra
360 2389 459 2452 aera,
482 2379 532 2451 ut,
561 2367 669 2454 qualis
694 2389 812 2434 rernm
835 2379 939 2434 status
961 2377 1055 2449 esset,
1077 2365 1204 2453 explo-

166 2498 279 2554 raret:
301 2485 412 2572 specie
434 2495 562 2569 autem,
582 2506 626 2550 ne
651 2485 696 2552 ad
712 2485 823 2552 nuntii
855 2486 1068 2554 acerbitatem
1092 2486 1205 2552 atatim

171 2625 277 2677 urnae
295 2611 447 2690 aspectus
474 2603 675 2689 adderetur,
696 2603 836 2670 tristior.
878 2608 1050 2692 Atqueeo
1067 2603 1206 2690 quidem¹

167 2723 211 2791 ab
240 2721 509 2808 Clytaemnestra
534 2722 674 2788 inducto
708 2723 745 2786 in
779 2721 961 2809 palatium,
1003 2721 1205 2788 laetabunda

168 2840 429 2927 Chrysothemis
447 2839 610 2926 eccumit,
631 2838 800 2928 siquidem
826 2839 863 2904 in
879 2840 982 2928 patris
1008 2838 1143 2904 tumulo
1168 2861 1208 2908 se

149 2961 284 3052 ¹fratris
313 2961 509 3046 cognovisse
536 2959 626 3026 dona
656 2971 780 3046 putat,·
811 2980 1031 3046 sororemque
1060 2959 1209 3028 excitare

170 3082 215 3146 ad
233 3081 318 3146 bene
340 3079 382 3144 de
395 3079 514 3146 tuturo
530 3077 739 3166 sperandum
755 3090 908 3146 conatur.
951 3078 1053 3159 Quod
1071 3091 1211 3151 tantum

171 3198 273 3285 abest,
292 3197 469 3285 utefficidt,
480 3211 518 3266 nt
536 3200 621 3288 ipse,
634 3199 755 3264 nuntio
778 3196 839 3264 illo
858 3197 1084 3286 tristiaudito‚
1103 3223 1121 3266 a
1138 3223 1203 3292 spe

170 3341 232 3384 sua
263 3317 460 3404 deiiciatnr3
489 3329 691 3384 nontamen
717 3317 851 3384 Electra
880 3339 1100 3385 commovere
1132 3341 1209 3386 earn
1306 3321 1312 3333 ‘

171 3449 303 3525 P⁰l⁸³⁸la
327 3451 366 3506 ¹1²
391 3438 461 3506 itm
486 3457 601 3504 tecum
626 3437 739 3526 ipssa
763 3437 939 3527 parricidis
970 3437 1094 3526 peenas
1131 3437 1208 3504 exta

173 3641 199 3707 ι)
217 3587 285 3710 poet.
299 3643 383 3700 XXV.
395 3647 419 3700 ἃ

171 3773 197 3842 n)
215 3791 241 3840 p·
260 3755 317 3826 123·
339 3775 429 3839 ,scene
450 3775 577 3846 abjectior
591 3775 678 3830 tumbe
694 3774 896 3838 ‹Pelle-meme,
920 3795 988 3844 pour
1011 3796 1062 3846 peu
1084 3793 1134 3842 que
1152 3777 1207 3832 l'on

171 3857 236 3906 serae
251 3858 374 3910 rdssexion
396 3875 446 3926 que
464 3860 564 3910 l'nction
588 3874 626 3911 eat
643 3861 664 3910 si
678 3859 777 3926 pressea
792 3877 841 3926 que
860 3862 1047 3929 Clytemneatm
1058 3873 1082 3911 et
1098 3861 1206 3925 Egisthc

171 3951 232 3994 tuot
245 3939 301 3992 tudo
315 3953 391 3992 avant
405 3941 481 4008 qu'ilo
497 3943 564 3994 aient
575 3943 602 3992 la
615 3953 699 4010 temps
713 3941 793 3993 d'ttre
808 3943 983 4006 detrampdffl
