2864 4710
245 245 326 331 toz

244 425 436 494 Promethei
459 439 569 518 portes
591 441 670 497 sunt
691 427 737 496 ite
760 430 960 514 adornatus,
989 439 1028 496 ut
1049 429 1281 516 Athenienses,

249 557 335 634 tum,
359 547 473 634 quales
495 548 618 637 greties
649 549 731 616 nori
752 549 893 638 tyranni
923 543 1050 614 referre
1073 549 1283 614 adiutoribus

246 666 316 732 ruis
337 666 491 754 solerent,
515 679 600 752 tum,
623 690 689 754 qua
713 670 897 736 constantia
919 667 960 734 iis
982 667 1202 734 resistendum
1226 688 1283 740 es·,

246 797 319 870 set,
355 784 445 852 clere
480 795 725 872 cognoscerent.
768 786 943 875 Difficilis,
967 809 1046 854 cnm
1078 788 1114 854 in
1141 785 1284 856 enitere

247 925 321 970 sum
345 905 410 970 hoc
432 905 526 971 nullo
549 906 684 992 negotio
707 907 948 994 perspiciatur,
971 905 1183 993 singulorum
1218 919 1283 970 cxi

244 1017 383 1110 plicatio
409 1035 477 1112 est;
499 1024 746 1112 rectissimeque
768 1025 804 1090 in
827 1023 879 1090 his
909 1027 1014 1112 possit
1052 1025 1119 1092 dici
1132 1073 1143 1112 ,
1182 1045 1296 1114 saepe,

246 1163 316 1206 uon
340 1162 420 1207 rere
443 1165 529 1231 esse,
554 1167 638 1232 quse
669 1144 818 1211 maxime
839 1133 908 1210 sint
938 1144 1146 1212 verisimilis.
1191 1142 1281 1228 Sed,

158 1311 161 1331 ἱ
242 1259 408 1344 siquidem
431 1263 474 1328 ed
497 1263 584 1329 hanc
605 1261 826 1350 Antiquitatis
842 1273 973 1351 portem
997 1275 1130 1347 prester
1151 1262 1280 1328 coniec-

242 1386 356 1445 turam
378 1380 471 1447 nulle
493 1382 548 1450 'vie
571 1395 678 1470 petet:
708 1405 779 1448 non
810 1381 1092 1470 praetereundum
1115 1381 1151 1445 id
1173 1361 1281 1467 pula-

249 1519 345 1584 mus,
366 1501 461 1588 quod
483 1500 646 1570 Periclem
668 1501 823 1592 plurium
854 1499 1023 1567 benorum
1047 1501 1217 1583 virorum,
1241 1499 1282 1564 in

245 1613 381 1684 Solonis
410 1619 569 1687 institutis
599 1621 806 1706 evertendis,
836 1640 939 1684 usum
962 1641 1030 1684 erse
1053 1640 1117 1707 ope
1139 1629 1170 1684 et
1192 1637 1281 1683 con-⁴

241 1735 323 1802 siliis
353 1750 481 1806 constet
515 1745 560 1823 r).
608 1741 721 1823 Quos,
758 1749 924 1826 quantum
954 1735 1142 1822 fefellisset,
1163 1747 1281 1823 poster

237 1857 448 1942 comperuit,
483 1879 562 1924 cum
593 1857 721 1926 ortibus
751 1854 811 1920 ille
842 1855 912 1918 suis
956 1877 1125 1922 summam
1160 1873 1279 1920 rerum

239 1977 393 2038 omnium
416 1985 610 2060 potestatem
632 1994 732 2062 penes
754 1993 789 2038 se
806 1993 913 2039 unum
937 1959 1115 2058 redegisset
1132 1946 1186 2056 s2).
1210 1973 1277 2040 Ne·

243 2111 309 2178 que
344 2091 498 2173 deerant,
530 2094 589 2180 qui
621 2113 699 2158 eum
722 2087 937 2176 ingratissimi
959 2113 1035 2178 erge
1058 2092 1165 2156 socios
1187 2114 1274 2157 con-

239 2205 395 2274 siliorum
417 2210 542 2298 enimi,
565 2211 648 2298 quin
672 2209 771 2292 etiem
802 2206 948 2277 neferiee
965 2194 1186 2280 ¹crudelitatis
1216 2231 1275 2274 ec-

239 2338 395 2392 cusereut
416 2329 465 2408 3).
505 2327 546 2396 ln
581 2324 753 2414 am'oribus
783 2339 909 2396 eutem·
931 2328 999 2392 suis
1036 2328 1196 2406 Pericles,
1234 2338 1275 2391 ut

238 2446 408 2535 vidimus,
430 2460 498 2514 tem
516 2451 661 2538 turpiter
682 2446 786 2514 multe
809 2445 898 2529 fecit,
921 2458 978 2534 ut,
1008 2448 1036 2532 si
1058 2469 1104 2514 eo
1127 2467 1275 2534 progre-

240 2563 275 2630 di
299 2565 457 2634 audaciae
481 2569 598 2656 liceet,
621 2569 662 2635 nd
688 2567 753 2634 hoc
778 2565 989 2654 Aeschylum
1018 2565 1079 2648 lus
1111 2566 1183 2630 illes
1204 2561 1272 2647 ,in-

168 2683 170 2688 ’
237 2686 382 2752 stituisse
404 2699 513 2776 pectes
535 2687 637 2756 dices.
661 2687 762 2754 Plura
784 2706 828 2751 ex
850 2685 904 2750 his
926 2696 1001 2772 poet
1018 2683 1119 2750 huius
1136 2661 1274 2748 subulae

239 2806 423 2878 editionem
460 2808 607 2876 evenisse
638 2805 873 2887 concedimus3
905 2823 1024 2868 verum
1047 2803 1112 2868 alie
1134 2801 1270 2885 similia,

241 2947 326 3014 quse
347 2949 425 2992 cusu
444 2927 539 2997 nobis
557 2950 627 2992 non
644 2937 723 2990 suut
741 2924 872 3005 tradita,
894 2919 966 2989 sine
984 2919 1088 2988 dubio
1105 2933 1181 2988 ente
1198 2941 1276 2986 erm

116 3127 122 3143 ·
238 3041 363 3110 feceret
380 3017 552 3122 'Periclem
575 3065 659 3132 quse
683 3041 867 3130 Aeschylo,
891 3039 986 3126 gravi
1008 3039 1058 3105 illi
1080 3050 1112 3104 et
1134 3049 1273 3104 strenuo

239 3155 366 3228 veteris
395 3163 589 3250 disciplinae
620 3160 805 3248 defensori,
854 3157 982 3246 largam
1024 3158 1094 3260 cius
1132 3155 1274 3222 notandi

162 3360 164 3364 y
240 3280 374 3371 copiam
406 3281 614 3368 praeberent.
658 3277 807 3346 Unicum
829 3299 939 3384 ⁸vero,
962 3299 1081 3346 eorum
1104 3276 1274 3344 melorum

240 3481 395 3554 siricum
418 3485 562 3544 Promethei
596 3485 647 3539 lab.
673 3500 698 3538 v.
726 3479 784 3536 216.
813 3498 869 3552 sqq.
884 3481 885 3488 ’
900 3477 1026 3535 Plutarch.
1057 3481 1101 3531 cis.
1126 3474 1217 3534 Pericl.
1246 3498 1271 3532 c.

238 3585 265 3638 7.
290 3585 316 3624 er
337 3589 361 3641 9.

240 3707 265 3762 2*
285 3705 318 3758 ci.
341 3721 400 3758 cum
418 3702 505 3758 Prom.
524 3719 550 3757 v.
572 3703 616 3757 lto·
632 3721 674 3772 eq.
693 3721 718 3753 v·
741 3701 797 3770 149·
821 3717 877 3768 sqq.
898 3697 956 3750 tos.
980 3713 1037 3764 tqq.
1057 3695 1183 3750 l’luttrclr·
1204 3694 1270 3749 ibid.

241 3807 263 3843 c.
289 3809 313 3861 9.
333 3803 358 3842 et
380 3789 497 3858 Thncgd.
520 3789 542 3841 1.
570 3789 625 3856 139·
646 3783 742 3838 11.65.

239 3908 267 3978 ὅ)
286 3907 319 3962 cl.
339 3927 398 3964 cum
423 3899 510 3962 Pron.
523 3921 547 3960 r.
564 3919 621 3959 221.
636 3921 691 3972 sqq.
707 3899 763 3969 437.
779 3917 833 3968 sqq.
856 3892 981 3952 Plutarch.
999 3895 1061 3950 ibid·
1080 3913 1104 3952 c.
1125 3895 1150 3952 4.
1168 3893 1208 3948 st.
1226 3909 1268 3952 ιο·
