2894 4700
235 251 318 339 216

235 442 307 498 trae
333 429 562 519 imprudentia
588 415 770 526 eon-hatis?
801 430 854 496 Ne
882 429 952 517 ipse
978 411 1114 516 quidem
1146 429 1283 518 Volte-⁴

235 549 308 615 rius
329 549 365 615 id
393 551 519 637 voluit,
549 549 607 615 sed
634 550 807 614 verissima
831 545 1027 614 defensione
1058 548 1100 612 ab
1131 547 1274 612 erimine

238 668 333 732 omni
362 665 518 734 Orestem
545 668 702 734 liberavit
723 671 767 751 1).
811 666 877 732 Sed
903 665 1094 756 quomodo,
1117 674 1272 754 quaem,

141 825 143 835 ·
236 785 275 852 si
294 784 360 850 hoe
384 785 469 866 hene
493 783 590 869 fecit,
615 784 750 851 defendi
776 786 848 871 ipse
873 785 1018 872 poterit,
1049 785 1108 872 qui
1134 797 1273 874 propter

235 901 310 970 lere
339 922 419 970 sarrs
445 904 565 970 vitium
596 914 667 970 tam
699 901 923 970 inferamini
969 904 1050 978 dens
1075 903 1210 988 feeerit,
1234 913 1272 969 nt

234 1021 274 1088 in
300 1041 432 1088 summa
459 1042 537 1088 eum
566 1024 671 1109 mals,
695 1034 727 1088 et
751 1023 867 1088 salutis
892 1033 971 1088 snae
999 1023 1269 1110 desperationem

236 1139 484 1226 compellerent
506 1133 763 1210 miserrimam?
786 1142 880 1208 Non'
895 1141 987 1207 enlm
1013 1141 1092 1205 satia
1110 1141 1149 1206 iis
1166 1149 1271 1226 g'rave

237 1255 433 1342 videbatur,
457 1261 548 1346 quod
567 1259 702 1327 Orestes
722 1263 758 1326 in
783 1259 901 1347 capitia
921 1259 1110 1347 perieulum
1134 1235 1273 1344 incidit,

238 1375 366 1440 suroris
397 1373 570 1466 preoihus,
603 1381 728 1468 quihus
755 1366 892 1448 flectere
920 1376 1125 1463 Aegisthum
1156 1378 1274 1463 cupie-

239 1490 310 1578 hat,
331 1505 488 1584 auctum3
510 1498 568 1567 sed
592 1497 691 1566 furiis
712 1521 790 1566 eum
806 1489 1066 1564 summiserunt:
1088 1496 1274 1590 ut,tu1ba-

241 1623 431 1704 tumente,
464 1617 605 1704 eodem,
636 1641 723 1708 quo,
753 1621 855 1683 istum
874 1615 989 1704 petiit,
1011 1615 1100 1702 ictu,
1133 1626 1276 1678 matrem

245 1733 425 1800 occideret.
469 1736 561 1814 Quid
590 1759 669 1822 ergo
687 1737 810 1802 volunt
826 1733 903 1800 illae
932 1734 1082 1802 deorum‘
1098 1736 1223 1819 laudes,
1239 1735 1276 1800 iu

244 1850 309 1914 hae
340 1849 454 1916 fabula
483 1852 773 1937 'frequentissimae
791 1862 824 1915 et
846 1846 1123 1936 pulcherrimae?
1152 1854 1278 1918 Nonne

245 1979 422 2054 suspectae
447 1968 544 2033 nohis
560 1969 643 2036 fiant
662 1968 753 2034 hune
777 1989 894 2033 rerum
910 1968 1040 2032 exitum
1058 1969 1280 2036 consideran·-

238 2085 352 2153 tibus:
383 2098 574 2174 ut-prope‚
606 2083 684 2154 eum
713 2087 869 2152 Orestem
896 2087 1068 2174 audimus,
1102 2088 1144 2154 ab
1173 2087 1277 2154 initio

246 2205 417 2291 usquead
447 2203 550 2270 finem
578 2203 730 2292 fabulae,
757 2205 916 2272 iniustam
952 2205 1016 2270 diis
1042 2205 1276 2272 crudelitatem

244 2324 522 2410 exprobrantem,
546 2345 664 2392 veram
683 2323 780 2392 nobis
804 2323 910 2413 ipsius
936 2325 1083 2390 auctoris
1099 2339 1280 2412 eognosce-

245 2461 453 2510 renuentem
487 2445 685 2532 videamur3
722 2444 910 2510 Pammenia
933 2455 1046 2512 antem
1070 2440 1112 2510 et⁴
1140 2442 1280 2532 Pyladis

248 2560 424 2648 splendida
447 2563 501 2628 illa
519 2565 660 2632 deorum
683 2563 871 2652 praeconia,
892 2583 953 2650 pro
981 2561 1139 2629 inanibus
1168 2561 1281 2632 verbis

245 2680 452 2770 poetirieque
469 2683 602 2750 fabulae
621 2684 826 2751 ornamentis
844 2675 1045 2747 habeamus?
1067 2681 1131 2746 Sed
1152 2681 1279 2746 mirum

247 2800 347 2866 etiam
376 2803 412 2868 id
439 2815 505 2888 est,
537 2803 630 2892 quod
660 2801 856 2887 Voltsrius,
889 2797 966 2887 qui,
989 2799 1114 2867 scilieet
1130 2801 1172 2866 ad
1201 2800 1278 2866 cul-⁵

248 2917 371 2986 tiorem
405 2923 651 2988 humanitatem
684 2937 784 2984 suum
830 2917 1106 2984 conformaturus
1126 2947 1127 2952 ¹
1149 2931 1278 3004 poettru,¹

250 3035 555 3121 Clytaemnestram
580 3041 721 3104 deorum
739 3035 985 3102 iussuinterllei
1005 3036 1046 3100 ab
1067 3036 1140 3102 filio
1162 3035 1276 3118 nollet,

249 3151 365 3222 Furias
398 3159 530 3224 admisit
557 3167 731 3242 eruentes,
762 3175 844 3242 quas
873 3155 1054 3241 sapientius
1086 3153 1278 3242 Sophocles,

137 3361 138 3368 ἵ
253 3272 420 3342 Graecus!
458 3299 502 3342 ex
524 3298 583 3341 sua
614 3275 745 3342 Eleotra
768 3267 944 3360 relegavit*
982 3271 1013 3338 Is
1041 3273 1131 3338 enim
1162 3271 1197 3336 in
1225 3269 1310 3338 saw

248 3391 347 3478 bula,
369 3395 406 3463 in
429 3417 494 3484 qua
518 3419 585 3461 non
608 3407 691 3462 esset
712 3391 840 3458 Orestis
863 3391 1107 3458 absolutionem
1139 3392 1280 3478 exposi-

248 3523 366 3598 turus‚·
387 3517 547 3601 agitatum
570 3535 589 3580 a
611 3514 707 3578 furiis
729 3511 905 3598 inducere,
936 3512 1068 3594 ineptae
1097 3513 1278 3577 atrocitatis

249 3630 356 3700 duxit
402 3634 525 3724 Quare,
551 3645 656 3701 matre
674 3634 877 3716 interemta„
905 3629 1110 3698 cohorrescit
1140 3631 1280 3721 quidem

252 3891 275 3957 r)
295 3890 505 3950 Aet·1V.Se.5.
520 3908 545 3948 at
563 3893 588 3948 fi·
