2894 4700
289 363 372 428 ato

289 535 324 580 se
343 509 484 578 fratrem
502 509 574 576 eius
595 519 697 597 atque
718 506 863 570 ultorem
884 505 988 590 patria
1018 507 1130 581 adesse
1154 515 1185 582 ei
1204 518 1316 604 aperit.
1395 543 1399 554 ¹

288 631 371 700 Post
387 652 491 719 quae,
510 651 588 708 cum
604 627 733 712 egregia
752 634 786 688 et
806 621 950 690 laetitiae
967 637 1000 691 et
1017 632 1141 698 amoris
1156 634 1317 721 significa-

287 751 380 817 tione
395 760 554 836 exceptus
574 744 614 811 ab
635 742 703 827 illa,
720 739 942 828 Apollinem,
965 749 1124 831 gravibus
1159 751 1316 821 adiunctis

285 867 411 951 minis,
436 864 499 932 sibi
525 883 647 952 poenas
673 881 691 922 a
718 858 824 946 patris
846 859 1116 934 interlectoribus
1144 873 1315 939 sumendas

284 989 467 1077 imperasse
495 977 607 1064 refert,
630 977 735 1044 animi
760 988 837 1044 tum
855 991 976 1047 natura
1001 1006 1062 1051 aua
1091 987 1317 1077 plenus,‚tum

287 1103 422 1174 somnio
443 1096 591 1184 quodam
617 1094 743 1186 matris,
764 1098 922 1184 terribili,
947 1102 1052 1187 magis
1076 1105 1175 1172 etiam
1192 1109 1317 1176 confir-

282 1235 403 1292 matus.
447 1216 572 1308 Postea,
590 1214 631 1282 de
648 1214 742 1281 obitu
759 1237 820 1284 suo
839 1215 917 1284 ficta
934 1220 1128 1290 narratione
1152 1224 1318 1314 Clytaem-

283 1351 396 1426 nestra
415 1334 510 1422 falsa,
530 1332 742 1422 Aegisthum,
764 1337 920 1423 quamuis
943 1339 1186 1431 suspiciosum,
1210 1368 1317 1428 arces.

281 1461 385 1526 situm
404 1477 448 1525 ex
471 1451 577 1540 agris,
600 1449 698 1540 facile
718 1455 895 1544 interficit,
918 1439 1061 1526 matrem
1082 1483 1161 1528 vero
1187 1461 1324 1550 aggres·'

279 1601 357 1657 sua,
378 1570 512 1642 ferocis·
531 1570 695 1649 audaciae,
713 1585 746 1640 et
763 1576 968 1662 constantiae
994 1579 1094 1648 etiam
1120 1580 1157 1646 io
1187 1581 1254 1648 hac
1268 1581 1319 1666 fr-

238 1665 242 1684 ¹
281 1668 363 1794 hula
397 1690 596 1772 mulierem,
627 1693 767 1760 haesitat
800 1694 921 1784 initi03
950 1697 1008 1788 sed
1033 1721 1062 1785 ,a
1087 1700 1238 1789 Pylade,
1261 1704 1318 1789 qui

279 1827 448 1910 praeterea
461 1808 561 1877 ,nihil
575 1810 747 1900 loquitur,
768 1815 919 1901 graviter
934 1813 1111 1903 Apollinis
1132 1817 1221 1886 iussa
1241 1844 1320 1888 mo-

279 1935 382 2018 nitus,
403 1951 477 1996 eam
496 1930 623 1998 intrare
642 1932 781 1999 domum
807 1932 911 2014 iubet,
936 1945 972 1998 ut
996 1935 1092 2004 iuxta
1115 1938 1320 2025 Aegisthum

282 2062 429 2138 mortem
465 2059 612 2136 oppetat.
657 2047 695 2130 In
727 2050 870 2138 quibus,
900 2071 979 2118 cum
1005 2052 1130 2141 ubique
1158 2058 1319 2146 Aeschy-

283 2174 337 2236 lus
363 2189 516 2235 severam
530 2168 690 2260 ¹deorum
714 2170 877 2237 iustitiam
899 2184 1160 2246 commonstret:
1184 2173 1319 2262 Orestes

279 2301 413 2373 tantum
439 2286 480 2352 iis
510 2287 649 2374 tribuit,
673 2299 711 2353 ut
735 2310 779 2358 ne
799 2288 835 2359 iu
854 2299 1004 2376 extrema
1030 2291 1168 2378 quidem
1192 2291 1319 2383 fabula,

277 2409 335 2476 ubi
362 2409 432 2474 iam
457 2404 573 2475 Furias
600 2405 780 2496 conspicit,
802 2407 838 2473 iu
869 2430 904 2476 se
930 2392 1115 2497 irruentes,
1150 2413 1319 2481 auxilium

279 2523 454 2621 Apollinis
488 2536 520 2590 et
550 2523 708 2593 facinoris
745 2526 859 2592 tristis'
887 2526 1119 2615 expiationem
1152 2522 1316 2620 desperet.

383 2644 443 2742 Ah
458 2643 598 2719 sublimi
623 2645 790 2734 Aeschyli
817 2644 1031 2734 simplicitate
1051 2649 1093 2714 ad
1117 2647 1321 2740 Euripidem

282 2765 528 2855 descendimus,
558 2764 628 2854 qui,
656 2775 781 2832 temere
799 2764 956 2834 novitatis
982 2777 1017 2834 et
1045 2767 1320 2838 verisimilitudi-

282 2882 525 2980 nis'ridioulae
551 2881 905 2972 cuiusdamcupidus,
926 2881 1096 2953 Electram
1121 2907 1218 2954 auam
1243 2901 1320 2955 tra·

279 3004 353 3100 gico
390 3001 572 3090 splendore
597 3003 690 3080 omni
716 3001 763 3069 ita
792 3000 972 3090 spoliavit,
997 3015 1041 3084 ,ut
1080 3006 1246 3074 humilius
1277 3027 1319 3076 ea

280 3121 414 3218 ingredi
440 3120 612 3186 comoedia
639 3129 793 3207 nequeat.
836 3113 882 3214 Et
913 3119 1017 3228 huius
1053 3122 1119 3192 riri
1154 3127 1319 3213 exemplo

280 3263 382 3330 quam
406 3238 564 3316 marinae¹
580 3238 759 3326 docemur,
783 3261 885 3327 quam
914 3241 1005 3327 rpale
1024 3261 1103 3308 cum
1134 3244 1174 3312 iia
1200 3257 1318 3314 actum

280 3362 324 3428 sit
353 3357 495 3446 tragicis,
520 3357 591 3446 qui,
606 3377 685 3436 oum
702 3358 840 3446 ingenio
863 3370 896 3426 et
917 3370 989 3428 arte
1009 3361 1225 3448 quantumvis
1245 3385 1320 3432 ax-

278 3478 421 3558 ccllaut‚
443 3497 525 3549 vera
546 3476 650 3543 animi
669 3476 829 3565 dignitate
850 3490 930 3546 eunt
954 3479 1115 3546 destituti.
1160 3481 1234 3558 Nec
1262 3494 1321 3550 ta·

277 3617 360 3665 men
384 3594 471 3664 mihi
496 3595 533 3664 iu
564 3595 677 3662 animo
715 3608 764 3663 est
794 3597 988 3686 Euripidis,
1018 3597 1117 3664 cuiue
1151 3609 1203 3666 tot
1231 3602 1320 3670 alias

276 3710 406 3785 fabulae
433 3711 553 3781 merito
576 3737 693 3808 omnes
709 3715 938 3802 admiremur,
965 3714 1001 3782 in
1020 3715 1101 3804 hac,
1133 3722 1320 3810 omnium,

278 3858 361 3928 quas
386 3830 538 3920 scripsit,
560 3833 722 3921 pessima,
751 3835 852 3926 longa
882 3833 1096 3924 expositione
1121 3839 1200 3907 vitia
1230 3862 1321 3929 per-

277 3973 423 4024 censere.
454 3949 573 4018 Unum
598 3953 633 4020 id
649 3943 800 4022 sufficiat'
810 3955 1001 4045 monuisse,
1025 3957 1117 4045 quod
1133 3957 1325 4049 Euripidae
