2894 4700
239 268 336 328 '240

257 420 384 489 reditus
413 425 445 512 ι)
470 439 502 495 et
519 429 649 498 Electra
674 441 761 498 certe
779 417 849 498 uon
871 428 986 516 magis,
1004 442 1118 496 mater
1142 442 1182 496 ut
1201 431 1292 498 orci·
1318 399 1325 409 ,

255 539 365 628 datur,
385 555 489 636 optat,
513 571 624 638 quern,
642 573 684 615 ne
699 547 834 616 Orestes
849 570 929 646 suus
948 561 1072 636 pereat,
1089 552 1285 618 extimescit.
1343 545 1344 548 ¹

253 657 371 746 Itaque
387 661 569 750 Sophocles
585 679 759 755 terrorem,
780 688 1017 753 summumque
1034 668 1191 733 omnium
1211 680 1290 734 tur·
1369 715 1373 720 -

256 781 442 868 bationenr,
481 806 546 872 qua
577 786 744 876 Aeschyli
774 797 843 852 tote
874 783 988 852 subula
1025 796 1281 876 commovetur,

252 899 359 980 suise
376 901 573 989 rationibus,
584 904 752 992 sapienter
770 903 836 980 hoc
852 926 922 968 uno
934 904 970 970 iu
986 904 1062 970 loco
1081 905 1283 992 cumulavit,

253 1017 519 1106 gravissimeque
544 1022 643 1090 etiam
662 1025 767 1090 choro
793 1024 850 1089 ills
866 1023 1001 1090 tribuit:
1031 1026 1191 1094 Evadunt
1223 1024 1286 1090 di·
1369 1019 1372 1026 ’

256 1157 334 1220 rne,
368 1137 482 1207 vivunt
511 1139 568 1206 sub
595 1153 686 1210 terra
727 1139 893 1214 iacentes!
924 1142 1103 1229 Prtp‘oaum
1136 1165 1287 1226 cruorem
1362 1159 1367 1167 ·

257 1255 397 1340 exigunt
418 1255 460 1320 ub
488 1256 750 1357 interfectoribus
771 1261 900 1326 dudum
925 1261 1034 1326 occisi.
1078 1263 1132 1328 Ac
1156 1260 1288 1350 primus

254 1373 408 1472 quidem,
432 1397 501 1462 quo
526 1376 680 1466 Electra,
703 1367 937 1468 progrediente
960 1401 1004 1446 ex
1023 1377 1134 1471 domo
1160 1379 1284 1464 fratre,

256 1506 491 1561 commoretur
518 1488 650 1585 sensus,
680 1498 803 1565 laetitia
828 1511 895 1586 est,
937 1498 1028 1588 quod
1055 1498 1174 1566 rivum
1205 1519 1313 1574 eum,

260 1615 453 1700 conspicue
467 1608 586 1682 cruore
602 1619 728 1692 veroin
744 1640 850 1686 manu
865 1616 936 1684 eius
959 1627 1148 1705 conspecto,
1163 1604 1285 1694 ¹cohor·

255 1734 373 1818 rescit,
399 1755 461 1800 neo
487 1757 522 1802 se
540 1735 663 1803 habere
691 1737 829 1823 clamat,
853 1737 936 1822 quid
968 1736 1064 1802 dicct·
1109 1733 1287 1821 Cogitandi

259 1874 342 1916 vero
370 1852 411 1914 de
426 1849 576 1944 incinere
602 1865 633 1916 et
650 1853 888 1938 conquerendi,
906 1853 1000 1918 nulla
1024 1853 1064 1918 fis
1078 1853 1174 1940 copis
1185 1874 1199 1934 ;
1221 1853 1286 1917 ad·

251 1968 342 2034 venit
359 1945 449 2031 enim
472 1988 552 2034 rure
576 1965 775 2054 Aegisthus,
799 1988 907 2054 quem
926 1966 1073 2053 Orestes,
1098 1967 1267 2034 falsum
1241 1985 1293 2033 ιιι·

253 2084 384 2150 moleto
407 2085 559 2153 Electrae
576 2085 703 2170 dolore,
726 2087 766 2154 ed
782 2099 926 2186 mortem
945 2085 1129 2174 compellit.
1157 2083 1196 2150 In
1212 2108 1283 2174 quo

251 2200 416 2300 mirabilis
472 2200 675 2270 Scholiastae
707 2218 740 2271 et
782 2197 947 2272 Bruuckii
984 2225 1082 2271 error
1121 2214 1187 2290 est,
1218 2207 1280 2292 qui

251 2323 289 2390 in
314 2307 492 2412 postremis
517 2321 671 2390 Electrae
696 2324 823 2420 verbis,
847 2325 984 2414 quibus
996 2322 1136 2390 fratrem
1172 2335 1279 2411 rogat,

252 2465 297 2510 ne
318 2438 450 2511 dicendi
476 2439 669 2510 facultatem
688 2444 848 2532 Aegistho
874 2441 994 2530 faciat,
1017 2442 1118 2508 haec:

334 2559 514 2629 Celerrime
537 2561 633 2628 illum
655 2563 813 2648 occidito,
832 2565 1037 2651 occisumque
1062 2584 1140 2626 mox

335 2680 486 2748 Mendes
505 2680 653 2770 sepulcro
669 2683 852 2770 eiusmodi,
875 2705 935 2770 quo
962 2683 1086 2768 dignus
1113 2692 1182 2764 ειη
1231 2753 1235 2768 ,

254 2801 302 2866 sic
328 2811 544 2887 acceperunt,
576 2803 670 2890 qussi
699 2799 833 2868 Electra
857 2822 937 2866 eum
961 2799 1099 2884 napibus
1124 2811 1157 2865 et
1181 2799 1285 2866 volu-

256 2921 367 2984 cribus
392 2919 549 3008 poluisset
576 2921 733 3006 praedam
754 2919 837 2984 fieri.
879 2917 984 2982 Nulla
1004 2917 1083 2984 huie
1110 2918 1284 3005 interpre-

164 3037 166 3042 ‘
258 3038 375 3102 tstioni
405 3058 449 3102 ex
482 3017 628 3101 Homeri
661 3036 755 3120 loca,
785 3056 886 3122 quem
911 3036 1063 3102 laudarit
1091 3036 1285 3108 Brunckius

253 3127 463 3218 confirmatio
481 3151 705 3236 suscitet,
730 3152 912 3244 Sophocles
937 3155 1039 3242 enim,
1061 3155 1138 3222 licet
1159 3155 1287 3246 studio·

252 3271 401 3360 sissimus
423 3269 569 3337 Homeri
587 3282 690 3354 esset;
711 3269 906 3338 desaevitis
924 3252 1036 3340 tamen
1051 3274 1112 3338 iste
1130 3272 1167 3337 in
1186 3293 1286 3336 mor-

253 3403 339 3487 tuos,
367 3401 530 3476 quantum
553 3389 742 3458 dissentiret
772 3389 814 3457 ub
837 3411 888 3477 eu,
910 3399 942 3458 et
971 3394 1008 3480 ip
1039 3392 1143 3458 Aiace
1167 3387 1286 3464 fabula

255 3599 279 3662 ι)
296 3613 323 3648 v.
340 3595 404 3665 1398
420 3611 457 3660 sq.
471 3611 498 3650 et
509 3597 582 3650 alra.

255 3729 283 3796 α)
300 3729 331 3780 ld
354 3729 437 3780 faeere
457 3698 527 3782 iulet
547 3731 662 3793 Electra,
689 3727 758 3796 quod
778 3729 905 3780 sucturum
927 3727 1003 3780 fuisse
1022 3729 1169 3782 Menelaum
1190 3731 1284 3784 Nestor

255 3809 323 3879 epu'd
339 3813 481 3864 Homerum
498 3814 573 3874 dicit,
590 3811 642 3864 od.
658 3811 716 3873 tlt,
734 3809 791 3863 255.
808 3811 843 3872 si,
863 3809 970 3864 domum
985 3817 1099 3864 revertur
1108 3850 1116 3878 ,
1131 3810 1285 3880 Aegisthum

254 3897 283 3948 iu
299 3897 363 3948 viria
376 3894 460 3951 adhuc
477 3897 617 3966 repetisset.
633 3892 745 3950 Bruuclr.
762 3892 795 3946 etl
807 3895 833 3946 h.
848 3894 868 3946 l.

1131 4013 1150 4088 ι’
1197 3988 1284 4058 etin
