2876 4704
253 317 306 378 20

251 465 434 554 timebam,
463 489 610 556 cumque
639 467 785 535 liberum
817 454 979 558 cuiusque
1011 471 1048 551 in
1075 493 1112 538 re
1132 471 1279 542 litat-aria

251 585 295 651 sit
317 586 503 673 iudicium,
534 586 636 654 etiam
667 609 783 652 meum
813 588 854 654 de
879 589 942 655 bao
980 610 1096 678 eausa,
1138 605 1280 680 quantu·

249 693 323 775 lum
346 705 381 771 id
404 725 537 790 cunque
557 715 657 787 esset,
681 704 935 790 proferendum.

353 823 395 890 ln
426 843 495 908 quo
524 841 604 884 cum
633 819 668 885 id
702 831 834 885 secutus
873 823 953 909 aim,
988 829 1080 912 qnod
1118 830 1154 898 in
1192 831 1284 898 omni

249 939 471 1028 Antiquitatia
499 935 611 1003 studio
640 949 756 1004 nostro
787 937 951 1004 habemus
982 951 1215 1036 propositum,
1246 961 1285 1016 ιιι

254 1073 350 1144 tum,
374 1056 456 1144 quid
479 1065 616 1122 naturae
637 1066 756 1142 aptum
792 1055 845 1137 sit,
867 1058 1098 1145 explorando,
1120 1077 1194 1130 tnm
1216 1081 1284 1134 tes·

247 1175 411 1260 timonio,
442 1195 662 1262 quaeeunque
683 1185 836 1260 exstant,
857 1173 1067 1262 colligendo,
1088 1188 1281 1266 temporum

246 1293 391 1360 illorum
414 1303 515 1382 atque
534 1313 651 1359 aarum
672 1292 770 1359 nobis
806 1293 942 1380 plenam
973 1294 1068 1396 quasi
1095 1295 1280 1382 imaginem

246 1409 446 1478 efficiamus:
481 1411 663 1502 praecipue
684 1411 721 1480 id
740 1411 827 1478 mibi
848 1402 1032 1480 tenendum
1053 1433 1121 1478 esse
1141 1417 1277 1502 putavi,

209 1516 212 1524 ¹
247 1541 286 1594 nt
308 1552 378 1596 non
399 1527 490 1617 fere,
521 1533 580 1620 qui
611 1553 769 1600 erronum
799 1531 877 1600 fons
906 1533 1112 1622 largissimus
1145 1545 1212 1620 est,
1233 1553 1277 1599 ex

244 1671 316 1718 uno
339 1661 399 1717 aut
431 1651 654 1741 expluribus
684 1653 907 1742 argumentis,
939 1657 1073 1721 semotis
1100 1675 1121 1718 a
1143 1651 1278 1734 ceteris,

246 1768 429 1857 quicquam
451 1769 667 1853 colligerem,
689 1773 747 1836 aed
771 1785 903 1836 tantum
925 1770 961 1834 id
983 1794 1046 1858 pro
1071 1795 1152 1838 vero
1173 1772 1279 1839 habe·

243 1907 338 1969 ram,
363 1881 456 1968 quod
478 1883 664 1948 coniunctis
686 1894 719 1948 et
739 1896 901 1969 tanquam
932 1884 970 1950 in
991 1909 1192 1953 consensum
1215 1913 1279 1956 νου

242 2001 324 2066 catis
342 1995 670 2094 omnibuamaxime
692 2000 962 2069 confirmaretur.
1005 2003 1078 2068 Neo
1092 1997 1181 2069 'vero
1203 2025 1275 2089 ego,

246 2129 413 2208 quantum
435 2138 474 2188 ea
496 2139 548 2184 res
567 2117 774 2186 difficultatis
794 2119 925 2206 habeat,
948 2144 1016 2188 non
1034 2119 1141 2188 video.
1184 2113 1277 2188 Nam

242 2215 398 2328 primum
418 2235 555 2302 testium
579 2238 666 2304 ratio
688 2238 805 2306 multis
827 2239 1022 2308 nominibus
1045 2261 1207 2328 perquam
1226 2243 1278 2309 in·

244 2367 336 2424 certa
356 2365 428 2437 est‚·
450 2365 606 2424 naturam
628 2380 710 2426 vero
731 2381 811 2426 eum
831 2360 1048 2448 indagamus,
1071 2359 1140 2427 vias
1176 2373 1279 2451 atque

243 2473 370 2543 formas
391 2473 586 2542 innumeras
607 2477 804 2547 habentem:
828 2503 890 2546 noa
913 2479 1142 2548 imbecillitate
1164 2493 1299 2552 nostra·

243 2594 448 2685 plerumque
469 2593 506 2660 in
529 2617 634 2663 unam
656 2595 803 2685 aliquam
827 2601 1073 2704 protrahimur,
1095 2621 1198 2688 quam
1220 2623 1277 2666 se-

243 2728 381 2803 quentes
403 2715 603 2805 studiosius,
626 2716 662 2782 in
684 2716 750 2783 alia
773 2721 887 2786 omnia
909 2719 1115 2786 aberramus.
1159 2719 1276 2803 Siqui-

244 2836 321 2900 dem
353 2835 503 2902 studium
534 2837 689 2923 aliquod,
719 2837 798 2904 lieet
825 2837 975 2930 maxime
1014 2852 1146 2917 caveas,
1185 2832 1276 2898 inter

241 2951 352 3040 ipsam
374 2973 445 3018 rem
468 2955 633 3037 agendam
653 2951 724 3017 iere
747 2927 959 3020 subnascitur
984 2960 1017 3015 et
1037 2947 1131 3035 quasi
1152 2967 1273 3015 necea..

241 3069 352 3154 sario,
376 3067 504 3154 quippe
525 3091 594 3156 quo
618 3065 754 3152 vestigia
775 3067 907 3152 singula
928 3077 963 3134 et
982 3065 1107 3130 indicia
1128 3078 1162 3133 et
1182 3067 1272 3134 testi·

240 3187 356 3254 monia
378 3183 587 3270 referantur,
608 3185 647 3250 fit
670 3185 924 3273 praeiudicium.
966 3179 1006 3248 ld
1034 3204 1132 3270 vero,
1155 3197 1193 3252 ut
1213 3210 1273 3253 na·
1312 3239 1317 3254 .

242 3319 320 3373 tuna
341 3325 401 3371 aua
423 3303 538 3370 indicti
561 3302 668 3370 futuri
692 3301 946 3388 quodammodo
970 3306 1179 3390 praeparatio
1201 3317 1270 3374 est:

237 3426 284 3492 ita
317 3422 548 3510 imprudentes
579 3445 641 3488 nos
677 3431 770 3487 tanta
806 3421 952 3510 implere
982 3421 1155 3489 voluntate
1184 3427 1270 3494 solet

237 3555 274 3610 et
294 3542 475 3632 cupiditate
496 3544 567 3627 sui,
590 3551 628 3605 ut
649 3541 754 3626 magia
776 3550 809 3608 et
823 3539 928 3628 magis
941 3541 1062 3628 potius
1083 3539 1117 3606 id
1139 3545 1269 3612 eonfit-

237 3683 333 3730 mara
354 3662 475 3728 aeriter
496 3661 708 3742 studeamus,
739 3679 841 3747 quam
862 3658 991 3744 integre
1012 3659 1190 3729 veritatem
1211 3662 1267 3732 in·
1347 3655 1355 3664 '

237 3782 451 3870 vestigamus.
492 3778 592 3858 Quod
617 3775 753 3864 quidem
776 3789 974 3866 postquam,
1007 3790 1040 3844 et
1061 3776 1212 3850 aliorum
1231 3795 1266 3850 et

236 3900 321 3968 mais
338 3888 474 3968 lanatus
511 3896 701 3982 erroribus,
732 3907 948 3989 compertum*
980 3897 1163 3972 habebam:
1184 3923 1265 3970 aum

1404 532 1410 627 l
