2902 4704
254 273 331 366 126

248 453 439 522 credidisse
460 453 634 522 hominem
657 453 764 537 dicas,
788 451 852 520 nisi
874 449 1015 540 'thespis
1044 457 1148 513 artem
1181 465 1279 510 suem

247 575 440 662 invenisset,
462 575 668 640 Pisistratum
691 589 761 639 non
782 573 887 639 inisse
904 582 1089 662 tyrannum
1109 565 1276 645 futurum,

249 706 349 782 utque
378 695 413 761 id
443 697 543 760 etiam
582 691 743 760 Solonem
773 693 923 776 sensisse,
947 690 1071 778 quippe
1101 670 1158 776 qui
1180 682 1278 778 illuns

248 813 451 902 prohiberet,
473 810 510 875 in
532 823 704 896 posterum
727 803 922 896 uergeret!
946 810 1012 875 Sed
1036 805 1190 873 [nonius
1211 821 1280 867 non

211 921 216 928 ’
245 934 324 1000 setis
346 931 379 998 id
401 927 634 1017 considersvit,
658 931 749 1020 quod
771 942 865 995 entes
889 925 1092 991 Plutarchus
1111 924 1279 1004 Solonem,

252 1071 297 1116 ex
327 1048 597 1138 peregrinatione
626 1048 725 1136 longe
755 1046 933 1129 reducem,
963 1043 1005 1107 ab
1027 1043 1185 1108 omnibus
1208 1060 1282 1107 ms·

203 1204 206 1214 =
246 1167 339 1234 xime
361 1166 497 1254 quidem
520 1169 652 1238 cultum
674 1190 753 1253 esse,
778 1185 897 1230 veruna
920 1163 964 1226 its
983 1161 1047 1224 iam
1069 1131 1179 1223 aetate*
1193 1158 1280 1223 fuis·

250 1281 451 1353 refractum
474 1288 580 1375 dixit,
603 1301 642 1356 nt
663 1309 771 1376 nequa
792 1283 897 1352 rerba
919 1281 954 1346 in
978 1276 1114 1366 publico
1143 1272 1279 1361 faceret,

249 1425 313 1475 neu
334 1405 434 1494 rebus
455 1410 610 1496 gerendis
632 1411 811 1476 interesset.
854 1403 936 1470 Non
965 1407 1015 1464 est
1034 1392 1143 1481 igitur
1159 1390 1279 1456 verisi-

248 1523 349 1611 tuile,
373 1528 546 1616 privatum
568 1528 762 1612 hominem,
785 1532 819 1592 et
839 1543 952 1590 senem
982 1514 1126 1584 debilem
1155 1507 1280 1600 prohi-

248 1641 329 1714 bere
351 1667 476 1717 norum
498 1659 605 1716 artem
626 1646 784 1727 voluisse,
807 1663 902 1732 quae,
923 1650 962 1704 ut
977 1649 1064 1704 'tuuc
1086 1632 1208 1718 vulgus
1224 1627 1280 1694 de-
1302 1697 1304 1702 ,

250 1763 406 1854 lectabst,
423 1770 487 1854 its,
507 1770 535 1836 si
558 1769 633 1856 quis
655 1763 849 1854 opprimere
870 1781 944 1825 esru
965 1778 1065 1822 susus
1086 1763 1179 1838 esset,
1201 1769 1280 1816 cer·-

253 1882 389 1970 tissime,
412 1887 506 1973 (tales
530 1885 619 1948 euim
642 1894 723 1948 sunt
752 1871 946 1962 hominesl)
967 1893 1100 1938 summa
1123 1869 1280 1935 omnium
1396 1875 1398 1880 ’

249 2002 304 2068 sui
326 2003 512 2069 excitatura
531 2001 639 2067 studia
670 1999 798 2066 fuisset.
846 1995 920 2063 Nec
941 2011 1024 2058 vero
1059 1986 1176 2052 Soloui
1206 1983 1280 2049 ludi

249 2118 323 2206 isti,
346 2121 474 2186 etiamsi
498 2121 724 2208 displicerent,
747 2118 830 2184 adeo
853 2113 961 2180 videri
977 2129 1095 2196 graves
1112 2113 1277 2193 poterant,

249 2249 307 2326 ut,
341 2239 409 2306 illis
438 2241 474 2306 in
505 2239 635 2326 turbis,
659 2239 700 2306 ed
732 2259 789 2304 eos
824 2231 1039 2325 potissimum
1078 2221 1280 2295 coercendos

249 2358 365 2446 omni,
402 2361 699 2450 quantulacunque
736 2357 853 2424 relicta
894 2352 925 2419 ei
961 2359 1062 2428 esset,
1083 2340 1281 2411 auctoritate

247 2490 407 2547 uteretur.
452 2481 516 2550 Sed
539 2455 691 2571 profdcto
712 2477 919 2546 mirarentur
947 2492 986 2536 sc
1006 2467 1170 2550 riderent,
1200 2461 1278 2547 opi-

249 2617 332 2683 nor,
356 2611 493 2688 veteres,
522 2602 551 2668 si
580 2601 696 2668 videre
723 2606 876 2688 possent,
907 2598 1032 2680 quanto
1061 2606 1139 2652 curn
1167 2578 1279 2666 studio

252 2713 290 2784 iu
311 2738 431 2788 eorum
454 2721 549 2789 libris
572 2723 660 2788 etin
683 2717 782 2787 rebus
804 2711 970 2795 omnibus,
994 2706 1085 2774 haud
1107 2700 1209 2768 dubie
1227 2697 1282 2762 le-

256 2834 333 2902 vius
356 2863 602 2932 nonuunquam
625 2836 840 2924 conscriptis,
870 2854 932 2898 nos
955 2824 1103 2912 singulas
1133 2835 1283 2908 qussquu

251 2973 350 3023 voces
371 2961 618 3048 ponderemus,
640 2956 792 3042 nihilque
815 2973 885 3016 non
914 2947 957 3013 sd
986 2955 1114 3010 certum
1144 2932 1283 3026 aliquod

157 3141 161 3152 f
254 3093 375 3141 eorum
396 3099 557 3146 revocsre
578 3076 759 3143 consilium
780 3060 988 3138 studeamus!
1012 3082 1120 3150 neque
1137 3079 1198 3145 ego
1216 3055 1291 3132 du-‚

254 3191 346 3280 bito,
376 3195 460 3284 quin
486 3195 705 3270 Plutarchus,
727 3193 775 3278 si,
797 3208 898 3277 quam
924 3182 1012 3249 msle
1029 3201 1090 3246 nos
1112 3196 1193 3242 suus
1226 3171 1285 3236 illc

161 3381 162 3389 ,
255 3309 350 3378 locus
380 3313 556 3383 hsbiturus
590 3325 691 3399 esset,
716 3308 948 3400 praevidisset,
972 3321 1075 3390 parva
1102 3289 1286 3360 mutetione

258 3427 363 3520 fecte,
393 3457 466 3502 rem
496 3433 600 3502 fuerit
634 3433 735 3522 paulo
767 3426 891 3496 clsrius
928 3429 1151 3490 enarraturus.
1218 3406 1287 3476 Sed

259 3572 331 3634 uon
354 3555 485 3642 putsvit
515 3553 572 3619 ille
604 3550 699 3636 fore,
722 3552 780 3638 qui
807 3547 1035 3616 Pisistratum,
1074 3531 1170 3598 cuius
1207 3551 1285 3596 mo·

259 3668 307 3736 do
333 3671 507 3758 ingenium
538 3673 762 3760 depinxisset‚
805 3665 847 3730 sd
879 3658 1035 3728 fraudem
1065 3652 1159 3720 illam
1191 3671 1287 3716 suam

261 3795 518 3880 excogitandam
548 3791 626 3857 rudi
650 3783 830 3874 Thespidis
852 3778 978 3866 eguisse
1008 3785 1079 3846 arte
1101 3770 1287 3838 crederent.

265 3911 360 4004 imo,
395 3919 422 3982 si
442 3916 493 4000 ei,
523 3930 647 4000 roratur¹
673 3895 886 3996 exemplum!
908 3897 950 3967 sd
979 3893 1066 3972 mela
1093 3886 1291 3962 inveniende
