2864 4710
82 339 87 356 ,
228 267 311 358 554

229 449 287 516 vel
303 447 340 514 iu
361 445 467 535 impia
483 443 558 532 is'gs
585 445 657 510 eius
672 442 903 532 improbanda
927 445 1120 534 audaciam,
1144 449 1199 517 rel
1222 454 1275 518 iu‘

229 579 341 636 morte
354 561 600 634 contemnenda
625 561 729 628 animi
754 562 1019 648 magnitudinem
1039 564 1199 653 declarat,
1221 583 1258 638 ut

228 685 427 778 gravissimo
452 696 638 771 tyrannus,
664 683 826 770 quoniam
843 685 883 747 'se
903 669 1077 750 contemni
1098 707 1117 750 a
1136 688 1277 756 mulie.-

224 829 265 890 re
289 813 405 892 putat,
425 801 463 870 iu
483 823 559 868 cam
587 801 768 885 irascatur,
792 821 984 888 manusque
1009 803 1084 889 iege
1106 825 1164 870 aua
1181 823 1275 871 ouen·-

227 925 358 992 stitutss
382 919 425 987 ab
443 941 481 986 ea
505 917 586 986 velit
613 917 759 1004 exigere.
801 917 881 1000 Quo
907 941 991 986 varo
1015 920 1121 1008 magis
1150 923 1278 992 Greon'

225 1045 298 1112 istis
321 1051 478 1110 movetur
500 1034 764 1124 suspicionibus:
786 1057 826 1102 eo
850 1035 1102 1126 vehementius,
1124 1042 1153 1107 si
1185 1043 1261 1131 quie

225 1158 405 1231 defendere
434 1154 633 1240 Antigonen
662 1165 824 1238 conatur,
846 1157 1051 1246 exardescit3
1073 1171 1175 1247 utque
1191 1162 1263 1232 iam

227 1291 325 1350 antes
351 1295 453 1365 quam
478 1273 520 1342 ab
541 1293 578 1337 es
601 1271 757 1356 Polynici
781 1271 868 1338 iusta
899 1275 1010 1340 soluts
1038 1249 1108 1343 essu¹
1134 1279 1279 1368 r'esuiit,s

150 1401 158 1420 “
226 1401 392 1479 chorum,
409 1393 595 1484 prudenter
620 1411 700 1456 eum
727 1391 768 1458 de
782 1392 926 1458 deorum
952 1393 1082 1480 legibus
1110 1417 1274 1468 moncu-¹

148 1523 150 1526 ’
227 1531 314 1601 tem,
336 1526 375 1580 ut
396 1509 585 1599 insipidum
610 1509 782 1597 increpat:
811 1509 858 1576 its
882 1511 1076 1597 gravissime
1098 1512 1134 1579 ia
1160 1513 1258 1581 Hae·

225 1658 362 1704 monem
389 1632 519 1714 filium,
542 1650 643 1717 quem
675 1627 828 1694 assentiri
849 1629 913 1696 sibi
939 1631 1101 1718 putabat,
1122 1631 1277 1700 invehi--

231 1768 308 1842 tur3
331 1751 499 1838 adeoque,
529 1746 696 1834 siquidem
723 1745 786 1812 sibi
818 1747 892 1815 iure
920 1770 982 1815 auc
1025 1759 1096 1816 tam
1122 1772 1262 1820 severus

226 1897 297 1944 esse
328 1871 461 1938 ridetur
489 1868 541 1954 ι),
573 1867 745 1954 inopinate
771 1865 830 1933 ilis
860 1869 1014 1934 omniurn
1039 1871 1279 1958 repugnantia·

228 1999 457 2079 exasperatur,
480 1996 528 2070 ut,
548 1983 611 2050 nisi
635 1983 809 2071 perfecerit
829 1985 876 2073 id,
894 1987 984 2074 quod
1002 1987 1149 2056 minatus
1165 2003 1258 2076 esset,

234 2121 347 2178 actum
368 2127 438 2172 ease
455 2107 497 2172 de
510 2105 601 2188 regis
619 2123 678 2168 sua
697 2103 893 2172 auctoritate
911 2117 1014 2194 putet.
1043 2107 1144 2174 Unde
1164 2108 1210 2194 fit,
1221 2120 1261 2174 ut

231 2230 332 2298 etiam
357 2223 540 2307 Tiresiam,
563 2233 672 2289 ratem
698 2225 963 2308 sanctissimum,
986 2226 1082 2291 cuius
1110 2227 1272 2293 maxime·

227 2345 425 2438 sapientiam
449 2351 660 2430 perspectam
690 2339 844 2430 haberet,
867 2355 1069 2434 corruptum
1100 2365 1167 2412 essa
1193 2365 1256 2432 pe.

229 2465 449 2551 cuuiaatqua
473 2460 667 2556 instigatum
684 2460 721 2527 in
739 2481 775 2527 sc
796 2463 999 2547 suspicetur,
1020 2463 1158 2554 eiusque
1177 2487 1260 2529 cou-

232 2585 308 2654 siiis
331 2593 365 2648 et
388 2578 516 2645 monita
548 2578 768 2645 saluberrima
794 2593 990 2668 arroganter
1012 2595 1155 2672 respuat.
1196 2581 1265 2651 set

232 2718 347 2772 umen
377 2711 454 2790 post
481 2687 611 2764 abitum
646 2697 738 2780 viri,
757 2698 907 2784 graviter
933 2698 1035 2766 minis
1064 2701 1264 2798 eiusaterri-

232 2836 313 2908 tus,
330 2839 400 2886 sese
426 2839 552 2884 erasme
577 2814 759 2884 subsentit:
781 2834 939 2904 reparare
961 2818 1066 2905 igitur
1090 2821 1179 2886 maia
1198 2843 1264 2886 cu-

234 2943 306 3032 pit,
328 2958 413 3028 quae
438 2937 505 3002 iam
536 2933 633 3002 valde
660 2934 775 3020 timet,
795 2934 854 3002 aed
888 2935 1114 3024 sapit-serius.
1158 2939 1263 3005 Anti-

237 3082 324 3150 gene
351 3054 504 3126 enimin
536 3075 666 3122 carcere
696 3054 761 3120 isto
787 3053 1005 3148 subterraneo
1030 3077 1065 3121 se
1090 3055 1157 3122 iam
1185 3079 1266 3123 sus-

237 3179 374 3273 pendit,
395 3176 554 3243 Haemon
572 3184 651 3240 aute
670 3172 786 3240 ocules
810 3174 883 3240 eiua
897 3185 1004 3240 semet
1029 3174 1100 3258 ipse
1117 3176 1262 3256 canicie

235 3294 394 3371 redeunti
430 3293 467 3360 in
490 3304 627 3362 soonam
652 3290 868 3382 Eurydices,
889 3292 1027 3378 uxoris,
1047 3315 1140 3360 mors
1166 3315 1262 3360 uuu-

234 3417 359 3502 tiatur3
380 3412 584 3501 denique-iu
607 3411 673 3480 fine
694 3409 828 3478 fabulae
849 3385 1023 3478 hominem
1046 3411 1285 3500 profligatum.

236 3535 396 3608 omuibus
424 3531 465 3598 iis
497 3531 592 3599 maiis
620 3531 793 3617 videmus,
817 3549 903 3617 quae
931 3528 968 3598 iu
993 3528 1124 3597 Colono
1150 3531 1266 3596 Oedi-

235 3680 301 3750 pus
328 3655 360 3724 ei
375 3653 587 3742 imprecatur.
631 3647 672 3720 In
690 3671 758 3740 quo
777 3621 892 3716 rerum
917 3647 1010 3728 exitu
1029 3669 1129 3716 nemo
1152 3650 1261 3718 mira·

241 3917 265 3984 1>
283 3937 306 3970 v.
325 3915 383 3972 aas.
399 3931 456 3982 sqq.
