2902 4704
249 289 325 380 toti

240 470 431 556 tragoediae
451 495 522 540 non
542 473 715 560 antiquius
738 493 807 538 esse
821 470 990 560 Thespida
1008 473 1092 544 offici
1112 478 1277 554 videatur.

246 591 300 658 At
316 590 504 658 Putarchus
533 591 574 656 de
600 590 783 656 certamine
809 591 872 655 icto
890 594 1044 662 nondum
1062 597 1213 668 instituto
1228 605 1277 670 sio

240 707 412 798 loquitur,
435 723 472 776 ut
486 707 635 774 studium
657 717 746 772 certe
768 729 875 774 novae
890 712 972 778 artis
992 713 1064 780 iam·
1082 723 1161 784 satis
1184 743 1275 810 mog·

241 847 326 894 num
366 826 468 894 fuisse
507 825 603 892 dicat.
668 823 838 892 Videlicet
874 831 1007 914 egregio
1047 857 1134 922 opus
1164 841 1275 908 studio

238 957 328 1028 arat,
350 927 387 1010 ut
409 943 578 1029 ludorum,
591 925 724 1030 'quibus
746 943 993 1013 delectarentur
1013 973 1144 1040 omncs,
1169 981 1271 1046 praa-

241 1063 350 1130 mium
371 1060 485 1126 hircus
506 1055 618 1127 fieret!
641 1059 714 1128 Imo
740 1063 767 1126 is
791 1063 867 1128 vilis
889 1065 1093 1134 rusticorum
1118 1085 1188 1138 crat
1209 1075 1273 1142 ho-

243 1203 321 1264 nos,
354 1181 398 1242 ob
422 1201 524 1266 quem
556 1179 659 1246 etiam
690 1179 898 1266 Thespidcm
920 1184 1102 1270 aliquando
1133 1203 1273 1261 certasse

234 1296 399 1364 Horatius
441 1296 565 1386 refert3
602 1299 805 1368 Plutarchus
843 1311 957 1368 autem
989 1302 1031 1368 da
1062 1302 1102 1368 iis
1124 1274 1278 1389 cogitas*

239 1439 272 1482 sc
301 1417 545 1492 certaminibus
587 1421 737 1505 videtur,
782 1419 817 1484 in
848 1419 968 1506 quibus
1001 1431 1033 1486 et
1061 1420 1116 1487 alii
1150 1446 1266 1492 omncs

238 1534 357 1633 tragici
381 1550 493 1622 postes
517 1540 780 1623 contenderunt3
802 1549 834 1604 et
854 1515 1012 1623 leuasse,
1036 1539 1102 1606 iam
1124 1539 1267 1630 Thespis

236 1653 292 1724 vel
314 1667 405 1724 carta
427 1657 642 1748 Phrynichus
666 1658 763 1726 vicit:
785 1657 951 1743 siquidem
973 1658 1015 1724 de
1035 1658 1121 1738 hoc,
1143 1659 1209 1726 alio
1232 1661 1270 1726 in
1360 1673 1362 1677 '

236 1772 312 1840 loco
339 1780 392 1858 t),
417 1777 617 1842 Plutarchus
638 1779 685 1842 sic
706 1787 888 1858 memorat,
919 1787 957 1842 ut
987 1801 1056 1844 non
1087 1802 1165 1846 sane
1193 1779 1270 1844 hir·
1368 1793 1371 1801 ⁴

234 1914 312 1956 cum
330 1893 494 1979 accepisse
507 1893 702 1978 ‘praemium
720 1893 884 1960 videatur.
920 1893 985 1960 Sed
1003 1896 1143 1962 omnino
1159 1897 1269 1984 aplan-

160 2022 164 2032 '
234 2008 365 2074 didiora
388 2010 446 2074 illa
468 2019 569 2096 atque
592 2008 748 2076 ordinata
767 2012 948 2078 certamina
971 2035 1042 2078 non
1063 2014 1110 2079 its
1131 2015 1268 2100 antiqua
1304 2060 1307 2069 ·

233 2124 336 2194 fuisse
358 2126 446 2194 inter
476 2129 623 2194 Graecos
650 2127 739 2194 dicas
751 2177 763 2210 ‚
784 2130 842 2196 sed
861 2127 1071 2198 sub”Persica
1096 2129 1168 2198 fere
1192 2132 1266 2198 bel·

233 2245 266 2314 la
301 2246 450 2314 instituta
479 2247 532 2333 al:
555 2246 670 2313 rustici
699 2259 810 2314 autem
842 2249 918 2316 laeti
948 2249 983 2314 in
1014 2249 1138 2316 Bacchi
1167 2252 1271 2318 sacris
1356 2273 1358 2278 ’

240 2365 458 2452 celebrandis,
479 2373 657 2456 postquam
684 2367 743 2433 sliu
766 2380 799 2434 at
819 2368 924 2457 ipsius
946 2368 1001 2434 dci
1022 2381 1054 2434 ct
1075 2369 1167 2456 ospri
1190 2370 1268 2458 pri-

235 2507 292 2550 ma
315 2487 366 2552 via
383 2486 583 2570 aboleverat,
606 2489 671 2554 boe
693 2488 832 2574 animal,
846 2502 1010 2576 vparatum
1035 2490 1163 2556 donum
1185 2490 1267 2574 ipsi-

144 2583 147 2591 *
232 2627 299 2692 que
325 2605 389 2670 d'eo
416 2604 616 2670 sacrificium
648 2608 893 2693 gratissimum,
915 2608 974 2692 iis,
1007 2608 1267 2694 quitragoedias

237 2724 448 2802 cecinissent,
466 2724 564 2810 quasi
589 2727 777 2812 praemium
806 2727 950 2812 dabant,
972 2727 1073 2794 sicuti
1095 2727 1264 2814 phallico-

233 2867 313 2910 rum
344 2855 493 2912 cantores
522 2846 648 2918 ficuum
680 2845 781 2934 pleno
804 2846 935 2915 calatho
958 2859 991 2914 et
1012 2845 1082 2914 riui
1103 2845 1265 2936 amphora

231 3050 257 3116 t)
291 3051 343 3104 Vit
364 3053 543 3104 Themistoclis
564 3068 586 3104 c.
603 3049 628 3104 5.

234 3184 260 3248 2)
294 3185 425 3238 Nimirum
447 3178 615 3237 vetustissima
640 3198 721 3238 serata
751 3201 836 3252 nequa
855 3196 893 3236 tot
914 3195 1003 3250 poetae
1031 3193 1119 3251 arantss
1139 3197 1168 3237 nt
1193 3201 1260 3240 certa
1309 3232 1311 3237 .

183 3311 187 3318 .
230 3284 322 3320 eorum
342 3270 438 3320 institui
461 3269 598 3320 certamina
620 3281 738 3336 possent,
756 3282 796 3330 et,
814 3265 883 3332 quod
899 3268 926 3316 in
949 3268 995 3318 bac
1022 3271 1094 3319 omni
1118 3271 1264 3335 qusestiona

231 3353 410 3419 gravissimum
436 3364 490 3414 est,
509 3369 567 3402 cum
588 3352 711 3416 religione
735 3349 861 3416 quadarn,
878 3363 967 3400 cantus
988 3349 1130 3402 diutissime
1159 3350 1265 3402 eosdem

235 3434 387 3486 retinebant.
420 3435 524 3498 Itaque,
548 3436 568 3483 si
591 3451 640 3498 qua
666 3433 731 3484 sorte
751 3436 862 3498 prsernia
889 3432 1013 3483 dabsntur
1046 3436 1135 3498 poetis,
1161 3451 1189 3482 ea
1211 3433 1265 3484 sera

230 3535 263 3568 ex
288 3517 365 3570 rebus
387 3515 568 3575 sumebantur,
590 3533 653 3580 quae
680 3518 707 3566 in
730 3529 831 3580 promtu
848 3529 934 3576 erant;
960 3515 1038 3564 veluti
1061 3515 1135 3564 etiam
1161 3529 1264 3582 postero

215 3597 350 3658 'tempora
377 3597 445 3666 apud
465 3611 550 3666 poetes
574 3611 684 3664 pastores
705 3609 792 3648 centus
817 3599 929 3663 praemis
948 3611 974 3646 et
997 3597 1087 3663 pocula
1117 3611 1143 3648 et
1167 3599 1263 3649 lisutlss

227 3687 257 3734 tt
278 3679 391 3732 hoedum
416 3693 442 3732 at
463 3682 554 3731 similia
580 3693 686 3748 ponunt.
720 3679 846 3729 Hesiodus
870 3691 952 3728 sutem
972 3677 1097 3745 ipsa,(0.
1117 3694 1142 3732 et
1157 3681 1191 3733 D.
1214 3679 1264 3731 652

233 3763 309 3831 sqq.)
328 3765 427 3826 hymno
456 3767 581 3815 victorem
613 3782 640 3813 se
662 3763 769 3829 praemii
793 3763 849 3812 loco
874 3761 1002 3826 tripodem
1034 3763 1264 3834 tulisse-auritum

232 3849 326 3907 τείσεις
343 3862 427 3914 nequa
449 3864 497 3911 ego
520 3849 629 3896 multum
652 3847 682 3896 iis
705 3847 804 3906 tribuo,
820 3861 884 3908 quse
905 3859 992 3897 contra
1017 3845 1082 3897 hanc
1105 3847 1260 3898 seutentiam

228 3930 378 3981 Plutarchus
402 3928 522 3995 disputat·
544 3930 644 3996 (Symp.
660 3925 695 3980 V.
713 3930 756 3992 2.)
