2876 4704
1152 277 1204 338 21

176 429 212 496 in
237 431 329 498 omni
349 429 414 497 hoe
436 429 551 516 libro,
574 437 649 491 tum
671 423 853 514 praecipue
885 425 948 492 hae
978 426 1012 493 in
1044 428 1215 516 quaestio-

171 561 220 616 ne*
238 571 373 639 semper
393 550 428 614 id
450 548 532 632 feei,
554 557 604 628 ut,
620 565 837 633 quaeeunque
858 547 1008 611 maxime
1028 568 1063 611 aa
1086 547 1215 634 proba-

170 687 209 734 re
231 668 316 734 mihi
338 669 553 748 viderentur,
573 656 609 730 in
630 686 668 731 ea
689 666 779 754 ipso,
801 668 917 752 quanti
935 662 1090 731 acerrimi
1112 677 1210 752 pote·

106 819 111 822 ·
168 807 259 870 ram,
280 785 461 850 adversarii
482 796 592 872 partes
610 784 826 872 suseiperem.
871 785 944 849 Neo
960 795 1075 848 tamen
1098 783 1211 850 valea

169 905 303 970 ratione
324 905 357 968 id
379 925 431 969 me
451 925 550 991 spero
572 880 760 970 aeaeautum
782 925 871 989 esee,
895 915 933 968 ut
954 901 1110 968 fraudem
1138 902 1207 986 ipe'e

170 1021 256 1088 mihi
278 1021 402 1087 nuliam
427 1020 585 1102 ieoerim3
607 1035 696 1089 certe
718 1045 803 1088 vero
824 1021 864 1086 ad
887 1020 1112 1108 integritatem
1135 1021 1204 1084 seio

146 1138 253 1204 nihil
281 1162 299 1206 a
326 1163 382 1206 me
411 1139 536 1206 factum
559 1163 632 1208 esse
661 1141 794 1228 reliqui.
838 1139 960 1227 Neque
989 1160 1131 1224 vereor,
1162 1161 1205 1204 no

167 1256 231 1324 riri
260 1259 347 1325 docti
367 1261 447 1326 mihi
473 1261 683 1346 irascantur,
714 1281 791 1326 oum
823 1258 859 1325 in
891 1259 960 1324 auis
985 1249 1204 1345 opinionibus

165 1378 401 1444 examinandis
430 1379 553 1442 eadem'
572 1397 629 1441 me
648 1387 747 1461 atque
770 1377 808 1441 in
825 1376 908 1440 meis
928 1395 1030 1439 urum
1058 1396 1128 1441 esee
1157 1375 1202 1440 li-

163 1467 296 1562 bertate
326 1493 513 1577 videbunt3
535 1491 838 1577 praesertimxeum
861 1513 899 1556 ea
923 1491 1048 1578 ubique
1080 1493 1200 1559 mode·

165 1612 303 1676 ratione
328 1610 467 1694 egerim,
486 1617 535 1692 ut,
561 1604 656 1691 quod
679 1605 804 1671 alieubi
825 1607 867 1672 de
884 1629 920 1672 ee
936 1607 1091 1672 Muretus
1109 1609 1201 1690 dicit,

167 1725 386 1790 imminutam
415 1746 483 1791 erre
508 1745 526 1798 a
553 1746 610 1789 ma
631 1723 826 1811 dignitatem
866 1743 962 1790 suam
993 1745 1093 1816 nemo
1117 1745 1201 1791 oon·

171 1844 265 1930 queri
289 1845 413 1931 poesit3
436 1841 499 1908 nisi
526 1843 586 1929 qui
612 1854 745 1908 tantum
769 1842 833 1910 eibi
857 1842 1000 1928 tribuat,
1023 1857 1060 1910 ut
1087 1863 1202 1911 errare
1248 1863 1250 1870 ·

163 1983 200 2026 ee
229 1983 325 2050 posse
350 1983 419 2028 non
445 1973 560 2049 putet3
592 1961 686 2051 quod
712 1983 821 2050 nequo
845 1962 1006 2048 cuiquam
1043 1949 1198 2048 anquam

164 2082 324 2169 contigit,
345 2082 510 2148 etmaius
537 2091 603 2164 est,
626 2103 729 2170 quam
752 2092 790 2148 ut
811 2080 991 2150 convenire
1014 2079 1050 2148 in
1070 2079 1194 2147 huma·

129 2225 133 2241 ·
159 2221 239 2266 nam
258 2175 471 2288 fragilitatem
499 2211 609 2289 queat.

159 2449 162 2458 x
264 2369 319 2435 Ao
341 2370 384 2434 de
405 2369 594 2455 tragoediae
616 2369 752 2457 quidem
775 2368 906 2454 origine
927 2380 959 2434 et
980 2365 1196 2434 incrementis

158 2487 359 2554 Aristoteles
384 2485 420 2550 in
437 2485 525 2551 libro
540 2508 602 2551 auo
625 2487 666 2552 de
687 2499 758 2553 orte
776 2489 904 2574 poetica
930 2489 961 2576 1)
993 2487 1194 2574 gravissima

159 2603 242 2670 haee
273 2603 388 2670 habet:
413 2604 525 2688 Quam
541 2603 641 2670 initio
657 2627 699 2670 ex
711 2615 857 2692 tempore
872 2616 904 2669 et
920 2603 1099 2689 tragoedia
1110 2601 1195 2692 fan·
1224 2579 1230 2584 ¹

158 2723 302 2810 deretur,
321 2735 354 2789 et
373 2723 568 2808 comoedia,
591 2721 700 2788 altera
717 2721 759 2786 ab
784 2724 840 2801 iia,
856 2723 913 2808 qai
938 2720 1190 2808 dithyrambum
1239 2733 1241 2736 '
1270 2761 1272 2764 -

159 2841 321 2929 edebant„
329 2841 437 2908 altera
459 2839 503 2907 ab
520 2839 576 2919 tie,
602 2839 660 2926 qui
672 2837 836 2929 planitien,
852 2861 937 2928 qaae
952 2829 1140 2906 etiamnum
1156 2844 1195 2906 in

158 2959 275 3026 matris
288 2960 479 3029 civitatibus
487 2960 611 3025 usitata
623 2969 708 3056 eant,
717 2959 842 3024 remim
857 2979 997 3045 crevere,
1004 2959 1110 3048 poetic
1120 2961 1193 3050 pri·

139 3095 140 3103 ¹
156 3100 216 3144 mn
229 3099 348 3142 earam
359 3079 500 3165 oeatigia
514 3077 661 3166 amplias
676 3077 904 3143 excolentibus.
921 3071 1106 3146 Aomaltas
1113 3102 1191 3166 paa-

157 3219 197 3261 ea
216 3197 415 3264 metationea
431 3197 607 3286 tragoedia
623 3195 781 3292 constitit,
789 3193 847 3280 uiri
866 3219 964 3264 raam
980 3199 1103 3286 adepta
1118 3205 1193 3262 erat

158 3325 328 3381 naturam.
351 3315 404 3382 Aa
418 3336 595 3382 eameram
608 3313 808 3382 histrionum
825 3309 866 3380 alr
879 3339 944 3380 ano
962 3318 1010 3381 ad
1022 3317 1103 3380 duos
1111 3313 1192 3404 pri·

159 3457 234 3500 maa
260 3435 439 3526 Aeschylus
462 3434 624 3522 adduxit,
647 3445 679 3500 et
699 3435 793 3500 eleari
813 3435 971 3500 carmina
994 3433 1136 3514 minuit,
1159 3439 1194 3492 et

153 3553 349 3642 primaram'
375 3555 529 3643 partiam
559 3563 706 3619 actorem
735 3554 903 3636 instituta
931 3563 998 3616 trae
1026 3559 1141 3614 autem
1161 3556 1194 3612 et

156 3693 276 3741 aeonae
303 3673 477 3762 picturam
512 3669 696 3762 Sophocleo.
757 3673 1001 3758 Praetereaque
1036 3682 1193 3730 mentum

154 3880 182 3945 ι)
220 3877 285 3946 cap.
308 3877 356 3932 lv.
386 3877 504 3933 14-18.
521 3879 607 3932 rareio
621 3877 765 3932 Hermann'r
780 3888 824 3930 ert
