2876 4704
1139 253 1194 365 95

171 432 252 518 rius,
276 431 405 520 quippe
424 428 546 515 quibus
564 427 735 514 antiquam
757 447 852 492 suam
870 427 1010 514 gloriam
1033 443 1205 521 angerent,

171 550 248 616 ficte
269 550 324 618 vel
342 547 544 634 amplificata
559 547 601 610 ab
617 545 770 612 Doribus:
793 558 886 612 certe
908 547 1203 618 idconceden'dum

179 669 263 753 erit,
285 649 486 750 Heraclidas
506 675 538 730 et
562 663 671 729 Dores
689 664 855 730 habitasse
883 664 1091 752 aliquamdiu
1113 668 1207 734 iniis

174 785 295 871 terris,
333 805 378 849 ex
412 783 532 870 quibus
571 781 779 870 potissimum
814 781 1088 850 enthusiasticnm
1121 792 1203 851 ‹leo-

175 925 258 969 rum
276 906 407 969 cultnm
428 900 594 968 transiisse
612 902 648 967 in
664 901 842 968 Graeciam
860 925 924 991 pro
940 917 1115 992 comperto
1138 909 1201 973 ha-

169 1022 282 1088 betur.

275 1171 344 1240 His
368 1173 472 1264 igitur
506 1173 612 1242 causis
641 1185 673 1240 et
709 1195 824 1240 earum
870 1173 1035 1242 similibus
1068 1177 1203 1248 videtur

168 1291 297 1359 factum
323 1316 402 1383 esse,
426 1305 475 1380 ut,
501 1316 579 1359 cum
603 1291 788 1378 Homerus,
811 1307 973 1380 quantum
997 1309 1126 1384 posset,
1159 1296 1202 1366 ad

168 1411 354 1478 humanam
401 1424 579 1498 naturam,
611 1392 941 1500 pulcherrimamque
984 1426 1015 1478 et
1053 1420 1202 1483 suavita·

168 1545 239 1598 tem
273 1544 305 1596 et
328 1531 568 1597 sublimitatem
609 1531 688 1596 deos
722 1526 968 1614 conformaret,
1002 1531 1202 1602 immanibus

171 1661 207 1714 et
235 1645 340 1716 foedis
373 1648 497 1716 fabulis
524 1650 669 1716 reiectis:
700 1647 763 1713 alia
790 1647 826 1711 in
863 1647 928 1712 hoc
963 1647 1112 1714 Doribos
1148 1676 1203 1717 ra·

174 1765 222 1831 tio
247 1768 452 1852 probaretur.
495 1767 549 1835 De
575 1789 723 1857 quorum
758 1763 902 1850 fabulis,
927 1766 1203 1856 quandoquidem

175 1907 230 1972 ea,
254 1879 340 1974 quae
368 1909 413 1954 ex
428 1867 617 1976 lyricorum
640 1885 731 1976 poesi
758 1883 813 1950 rel
838 1906 881 1950 ex
912 1883 1043 1972 tragicis
1062 1887 1202 1976 collige·¹

173 2006 414 2093 reposcimus,
436 2006 615 2073 incertiora
642 2017 738 2088 sunt,
761 2025 862 2091 quam
890 2000 1011 2090 quibua
1045 1998 1203 2094 magnam

172 2119 350 2190 inhaere
377 2126 607 2190 auctoritatem
624 2121 769 2190 tribuas:
801 2125 935 2210 gravius
957 2123 992 2189 id
1019 2135 1086 2208 est,
1108 2127 1202 2213 quod

174 2239 356 2331 Hesiodus,
380 2245 437 2332 qui
467 2256 499 2310 et
525 2245 654 2330 Cumis,
676 2241 712 2309 in
736 2241 855 2309 Aeolia
882 2253 978 2308 natus
1007 2253 1040 2308 et
1065 2265 1109 2310 ex
1129 2243 1202 2312 Ho.

172 2363 297 2428 marica
317 2359 487 2450 profectus
504 2362 678 2452 disciplina
697 2372 789 2448 esset,
806 2361 841 2426 in
856 2360 1051 2446 Theogonia
1068 2384 1127 2428 sna
1143 2387 1204 2432 nec

176 2479 278 2544 Cetus
302 2491 334 2543 et
352 2479 474 2547 Phorci
498 2481 691 2568 progeniem
712 2491 920 2568 aspernatur,
942 2491 1201 2572 monstruosam,

174 2607 209 2662 et
247 2596 457 2676 Saturnian
485 2595 683 2683 genitalibus
721 2599 858 2665 exsectis
891 2596 931 2690 s)
960 2597 1132 2666 Venerem
1167 2615 1201 2668 et

174 2714 360 2802 Nymphas
383 2727 416 2782 et
437 2715 597 2802 Gigantes
631 2727 665 2780 et
684 2693 861 2806 Erinnyes'
879 2717 1045 2807 producit.
1088 2709 1210 2784 Idem·'

176 2857 242 2922 que
276 2847 373 2922 poeta
406 2857 449 2901 ex
470 2835 693 2900 vetustissima
725 2835 903 2902 traditione
927 2834 1112 2901 Saturnum
1139 2837 1202 2903 ha·

174 2951 246 3041 bet,
269 2954 469 3044 progeniem
494 2975 588 3020 suam
615 2953 855 3042 devorantem,
879 2952 989 3020 Metin
1016 2977 1110 3044 vero,
1131 2947 1205 3025 Mi-'
1284 3021 1286 3032 ,

174 3093 279 3139 nerva
306 3074 493 3162 gravidam,
516 3074 605 3166 apud
624 3095 701 3140 eum
729 3072 881 3162 Jupiter,
903 3071 974 3140 fors
999 3085 1038 3140 ut
1069 3075 1105 3142 in
1144 3077 1200 3145 fe-

174 3214 254 3258 mur
284 3191 465 3283 Bacchum,
491 3196 527 3260 in
560 3204 710 3262 ventrem
749 3215 848 3258 suum
889 3192 1030 3280 recipit,
1056 3193 1203 3285 indeque

175 3324 286 3397 postea
309 3313 503 3379 Minervam
527 3315 604 3379 edit.
646 3313 727 3378 Non
745 3312 927 3378 abhorrere
951 3311 992 3376 ab
1016 3313 1078 3376 hac
1109 3317 1201 3403 poesi

175 3432 364 3515 tragoediae
396 3433 492 3518 illae,
532 3444 564 3498 et
580 3431 732 3519 'phallice
776 3430 924 3494 carmina
957 3441 990 3495 et
1022 3431 1079 3496 alii
1117 3435 1205 3500 ritus

177 3547 350 3638 videntur,
373 3551 495 3642 quibus
525 3575 587 3620 nos
611 3543 796 3638 antiquitus
820 3547 989 3618 Bacchum
1024 3551 1059 3616 in
1091 3551 1203 3616 Grae·
1284 3647 1287 3656 γ

177 3804 204 3868 a)
236 3804 270 3858 ci.
287 3811 412 3875 praeclare
431 3809 464 3862 ds
484 3811 523 3862 lais
546 3809 713 3865 disserentem
731 3807 776 3863 Fr.
796 3770 967 3875 deblepclium
986 3807 1079 3861 Gesclr.
1102 3806 1127 3859 d.
1154 3773 1208 3860 ilat¹

174 3885 200 3938 d·
217 3887 266 3944 Gr.
287 3907 313 3942 u·
331 3893 420 3948 Basra·
431 3914 458 3965 p.
475 3895 531 3958 ¹86,
548 3909 587 3963 sq.
