2902 4704
251 313 340 371 .110

256 478 326 551 cet,
351 467 428 556 qui,
459 469 583 538 scilicet
611 469 766 538 inventus
796 473 836 538 eb
859 471 1026 562 Epigene,
1049 494 1115 540 non
1138 475 1173 540 in
1196 471 1285 540 Bcc-

255 587 378 672 chum,
400 587 457 654 ced
500 589 535 656 ic
565 589 683 654 heroes
718 603 905 658 crueretur.
950 595 1014 678 At,
1038 593 1064 657 si
1089 594 1199 681 priore
1216 594 1285 658 ista

256 728 337 774 vore
359 717 451 793 sunt,
475 706 663 792 improprie
684 729 782 792 cane,
814 719 847 774 et
868 731 947 776 cum
969 710 1105 796 antiqua
1136 712 1286 798 licentia,
1317 743 1322 750 ·

255 823 423 914 Epigenes
475 820 639 889 invenisse
675 824 881 912 tragoediam
931 825 1071 894 dicitur!
1116 831 1289 919 magisque

251 943 409 1012 etiamid
434 938 583 1017 mireris,
607 942 717 1028 qnod,
740 965 818 1008 cum
847 944 979 1008 hircum
1005 947 1222 1015 'shierschins
1244 948 1287 1016 ud
1411 959 1422 986 '

255 1067 395 1149 Satyros
416 1055 649 1145 potissimum,
672 1060 739 1125 hcc
759 1071 828 1145 est,
851 1063 893 1126 ad
924 1061 1047 1128 Bacchi
1069 1071 1208 1134 comites
1231 1089 1289 1132 rc·

252 1179 357 1247 ierat:
379 1175 444 1239 hoc
466 1175 578 1264 ipsum
600 1177 737 1267 enimcl,
761 1179 902 1268 praemii
923 1180 998 1245 loco
1021 1159 1146 1267 datum,
1169 1199 1201 1248 et
1219 1209 1286 1250 no-

250 1317 331 1364 men
352 1303 469 1360 centus
491 1295 533 1361 ab
552 1318 593 1363 so
612 1311 761 1388 coptum,
782 1297 825 1365 ed
847 1289 990 1364 heroum
1004 1299 1173 1364 transiisse
1189 1322 1286 1368 casus

247 1414 369 1505 uouit,
391 1413 552 1503 equibus
573 1429 657 1484 esset
672 1418 926 1522 alienissimum.
969 1416 1100 1482 Omitto
1123 1417 1169 1504 id,
1192 1420 1286 1505 quod

248 1532 420 1620 tragoedia
441 1535 478 1601 in
495 1533 645 1604 Doribuo
663 1538 793 1606 diverse
815 1540 857 1605 ab
877 1535 1105 1626 dithyrambo,
1125 1549 1225 1624 etque
1246 1537 1284 1603 iu

246 1653 426 1722 nonnuliis
455 1664 587 1722 tautum
619 1657 701 1724 locis
731 1657 826 1748 quusi
856 1681 935 1748 pars
956 1657 1068 1745 alique
1089 1655 1160 1721 eina
1183 1653 1285 1722 fuisso

249 1769 403 1858 videtur3
427 1773 521 1856 (hoec
540 1777 631 1841 enirn
654 1797 727 1842 mec
749 1789 798 1842 cst
813 1778 940 1862 opinio,
962 1798 1071 1863 neque
1091 1776 1126 1842 id
1143 1797 1204 1863 ego
1225 1773 1288 1849 mid

248 1887 288 1956 hi
309 1909 451 1976 arrogo,
472 1901 511 1954 ut
524 1911 648 1956 errasse
683 1911 761 1956 eum
782 1892 902 1977 dicem,
938 1894 997 1979 qui
1019 1894 1061 1958 ab
1083 1913 1138 1956 me
1158 1893 1283 1957 disces·

250 2008 362 2099 serit):
384 2007 441 2074 scd
463 2008 612 2076 maxime
634 2007 765 2097 dubito,
789 2010 871 2099 quin
891 2019 1007 2076 centus
1029 2007 1090 2093 illi,
1111 2010 1222 2074 atatim
1246 2008 1283 2075 in

249 2128 419 2218 principio
442 2149 523 2212 stro,
547 2131 694 2215 proemia
717 2141 784 2195 tom
806 2141 898 2198 certa
920 2127 1120 2211 habuerint,
1140 2141 1180 2192 ut
1201 2127 1282 2195 iude

236 2249 313 2341 ipsi
343 2269 467 2316 nomen
498 2235 703 2338 occiper·en't;
732 2269 842 2337 neque
870 2246 1079 2338 dithyrambi
1112 2247 1281 2335 peculiare

249 2368 439 2460 praemium
463 2366 577 2464 hircus
598 2389 617 2434 a
639 2367 810 2435 veteribus
818 2418 830 2451 ‚
860 2367 918 2434 sed
949 2366 1010 2434 bos
1030 2387 1288 2452 commemora-¹

248 2500 316 2555 tur.
360 2487 493 2556 Verum
521 2501 690 2574 praetereo
721 2488 963 2577 exponendum
992 2487 1179 2552 accuratius
1197 2499 1280 2575 erat,

249 2607 422 2696 quomodo
444 2607 682 2697 dithyrambos
706 2619 882 2697 propteres
905 2607 1075 2674 trsnsiisse
1095 2604 1132 2671 in
1153 2615 1281 2692 tragoe-

107 2754 110 2763 “
249 2724 340 2797 dium
362 2726 548 2816 diceretur,
572 2729 664 2817 quod
686 2727 852 2816 Epigenes
874 2747 915 2795 eo
932 2747 1001 2792 non
1023 2724 1205 2811 Bocchum,
1221 2723 1280 2790 sed

246 2843 366 2911 heroes
397 2846 590 2914 celebraret.
633 2847 768 2914 Etenim
800 2869 887 2934 pene
917 2865 1032 2912 umnec
1062 2854 1197 2930 cautus,
1220 2842 1281 2932 qui

248 2961 348 3030 initio
370 2962 405 3029 in
423 2964 511 3032 solos
529 2965 608 3030 deos
627 2978 923 3053 componerentur,
944 2975 1062 3052 postea
1083 2963 1118 3028 in
1135 2963 1281 3030 heroum

249 3080 496 3171 hominumque
533 3083 649 3150 laudes
684 3095 812 3152 constat
847 3104 918 3150 esse
946 3080 1133 3167 adhibitos,
1171 3103 1281 3170 neque

246 3221 391 3290 nsquam
426 3213 606 3290 propterea
639 3205 779 3269 nomina
809 3221 929 3268 eorum
960 3211 1019 3266 eut
1053 3211 1199 3285 mutata,
1221 3211 1280 3267 aut

247 3321 345 3388 aliter
375 3320 631 3410 circumscripte
663 3343 733 3388 esce
761 3321 913 3408 legimus.
956 3315 1029 3386 Imo
1053 3317 1219 3384 Zenobius
1242 3321 1280 3386 iu

244 3441 320 3508 loco
348 3461 410 3528 co,
434 3461 542 3529 *quem
572 3461 676 3530 cupre
710 3439 895 3524 attulimus,
918 3435 1153 3524 dithyrambos
1174 3456 1279 3525 aeque

245 3561 282 3626 in
305 3559 447 3626 heroum
472 3570 572 3650 etque
598 3561 633 3626 iu
654 3557 775 3626 Bacchi
798 3558 965 3624 honorem
998 3555 1103 3620 fectoc
1124 3575 1193 3622 esse
1214 3557 1279 3622 do·

247 3688 318 3763 oet,
347 3700 489 3767 eamque
519 3679 564 3744 ob
592 3699 743 3763 coucam,
775 3698 844 3744 uon
865 3673 936 3742 fere
957 3695 1084 3740 nomeu
1104 3694 1161 3740 eos
1181 3698 1279 3743 occe·

246 3795 469 3889 pissealiud‚
493 3797 736 3888 nescioquod,
765 3795 842 3884 ced,
874 3815 942 3884 quo
983 3793 1089 3880 magis
1123 3791 1279 3862 Becchiri

247 3916 466 4005 viderentur,
487 3916 627 4006 Satyros
648 3917 689 3984 iis
710 3915 882 3984 adiunctos
904 3936 974 3984 esse
1003 3910 1117 3986 refert
1160 3919 1276 4008 ltaque
