2894 4700
236 240 317 328 258
433 359 438 396 1

235 421 388 510 sionibus
405 423 842 510 summamtregoedierum·
860 419 943 486 effici
960 415 1273 508 pulchritudinem?

235 540 310 606 Nec
328 552 451 628 tamen,
469 543 496 608 si
511 541 688 610 Volterius
705 561 783 607 suae
800 541 863 606 lsac
880 538 1186 628 peripetienovum
1211 543 1273 606 ed·

235 659 313 726 iecit
339 672 595 746 ornamentum,
626 660 829 745 Sophocles,
854 657 946 746 quod
976 658 1011 724 id
1044 679 1112 722 non
1144 657 1270 747 fecerit,

236 788 287 844 eet
319 778 568 863 vituperandus.
620 779 771 845 Vitium·
802 777 897 844 eninr
929 777 979 842 ‘in
1030 775 1155 844 fabulis
1202 781 1270 846 suia

233 894 445 964 instituendis
474 906 591 982 poetee
626 907 714 962 reete
755 917 825 963 non
844 907 938 960 vtuuc
960 908 1140 982 ‘putentur
1156 911 1270 964 'com-i

232 1014 372 1099 misisse,
401 1035 479 1080 cum
513 1037 581 1080 non
613 1015 747 1100 omnia,
778 1035 1008 1102 quaecunque
1025 1016 1210 1100 excogitari
1231 1016 1269 1081 in

233 1133 462 1218 inpeterent,
485 1132 798 1218 cumularunt3sed
826 1154 904 1197 cum
928 1133 1113 1198 omiserunt
1138 1133 1268 1221 aliquid

231 1250 408 1336 eiusmodi,
423 1253 514 1338 quod
533 1251 707 1318 molestius
718 1253 836 1320 deesse
847 1252 990 1318 sentiant
1008 1263 1208 1336 spectatores
1222 1273 1261 1316 ec

233 1368 429 1434 desiderent.
451 1370 565 1456 Atque
582 1374 672 1460 apud
689 1371 891 1460 Sophoclem
908 1390 986 1436 curn
1009 1370 1149 1434 omnino
1165 1369 1267 1434 Elec-¹

233 1499 303 1554 trec
331 1488 451 1554 animis
471 1501 626 1556 motuum
660 1489 868 1556 admirabilis
912 1502 960 1555 eet
1002 1489 1162 1587 serietas,
1191 1501 1267 1554 tum

233 1607 369 1674 accessit
387 1607 487 1672 etiam
510 1609 581 1695 spei
605 1627 657 1674 ex·
671 1609 958 1696 Clytaemnestrea
988 1607 1120 1672 somnio
1152 1606 1264 1694 alique

232 1725 374 1812 laetitia,
398 1747 500 1812 quarn
528 1739 678 1814 repetere
703 1725 759 1790 vel
776 1747 897 1811 angera
920 1725 983 1790 hoc
1005 1725 1138 1792 inloco
1158 1741 1266 1814 prop-1

231 1855 320 1910 terea
339 1853 435 1929 poete
453 1843 583 1921 noluit,
605 1842 696 1928 quod
715 1842 780 1907 alie
805 1841 946 1930 paravit,
972 1843 1137 1928 graviore.
1181 1843 1266 1908 Ete-

233 1960 316 2044 nim,
342 1957 461 2026 Oreste
479 1969 642 2058 mortu-0,
667 1957 798 2024 Electra
818 1957 904 2024 nihil
928 1957 990 2023 sibi
1012 1959 1167 2024 relictum
1195 1981 1267 2025 esee

232 2078 303 2164 epei
330 2077 431 2154 videt,
455 2077 561 2143 vitam
587 2099 659 2142 eam
692 2078 917 2142 miserrimam
947 2076 1048 2159 ducit,
1071 2089 1182 2142 morte
1204 2099 1264 2167 pe·

227 2198 347 2264 iorem.
382 2193 496 2280 Itaque
519 2194 587 2260 iem
604 2195 675 2284 ipsa
698 2196 811 2264 ulcissi
834 2205 977 2284 petrem,
992 2194 1263 2282 Aegisthumque

233 2317 292 2382 sue
315 2311 501 2392 interlicere
523 2335 634 2380 mauu
664 2315 843 2382 constituit.
885 2315 945 2382 Ad
981 2314 1076 2379 euius
1106 2311 1272 2382 facinoris*

231 2431 421 2502 societetem
442 2431 502 2497 ubi
525 2430 654 2500 frustra
675 2433 961 2523 Chrysothemin,
983 2433 1149 2518 timidam,
1184 2453 1262 2520 pre-

232 2553 327 2618 cibus
349 2563 380 2618 et
403 2551 618 2640 persuasione
640 2553 807 2639 excitavit,
830 2552 1082 2640 indignabunda
1105 2569 1178 2617 esen
1210 2551 1264 2616 di-

233 2671 470 2760 mittiturque,
495 2671 764 2738 solautluxit
793 2687 943 2760 petrem,
974 2672 1021 2736 sio
1054 2669 1095 2736 ad
1127 2671 1279 2756 tyranni

232 2792 368 2860 caedem
389 2791 461 2857 sola
491 2811 526 2856 ae
553 2791 703 2876 accingit.
747 2795 829 2857 Post
849 2792 935 2857 hanc
960 2811 1041 2854 vero
1064 2788 1205 2873 virginis
1226 2790 1263 2855 in

233 2909 337 2998 patrie
358 2908 596 2977 interfectores,
610 2907 681 2974 edii
702 2923 747 2973 ct*
765 2907 986 2974 constantiam
1023 2917 1056 2980 et
1091 2905 1265 2972 audacium
1286 2961 1287 2966 ,

234 3025 439 3115 expositam:
463 3026 544 3109 quid
565 3023 701 3110 cogitari
725 3035 832 3110 potest
848 3025 1032 3113 pulchrius,
1062 3025 1266 3110 quameins·

234 3145 311 3212 dem
339 3142 375 3208 in
401 3140 530 3209 Orestis
570 3143 680 3211 cinere
710 3142 867 3208 simuleto
898 3143 1009 3210 luctus
1039 3142 1108 3227 illi,
1133 3143 1262 3208 ecerbi-

233 3273 317 3348 tete,
346 3259 593 3353 desperatione,
633 3259 764 3343 fratris,
797 3261 916 3328 misere
942 3274 979 3328 ut
1010 3273 1127 3350 putat,
1166 3281 1263 3325 rnor-

234 3383 295 3468 sut,
324 3401 439 3447 eruore
463 3377 735 3446 incredibilitate
756 3378 855 3467 pleni,
878 3392 916 3444 ut
932 3380 996 3466 legi
1014 3379 1262 3464 sine=lecrymis

234 3489 430 3588 nequeant?
452 3497 582 3564 Deinde
604 3519 694 3580 vero,
714 3499 838 3564 detecte
854 3497 972 3564 frende
995 3509 1027 3562 et
1043 3495 1148 3562 fratre
1179 3518 1262 3582 cog·

236 3619 327 3703 nito,
359 3632 523 3702 quantum
554 3615 733 3702 gaudium,
756 3627 878 3703 quanta
903 3609 1044 3680 fiducia!
1066 3616 1133 3682 iem
1151 3637 1186 3680 se
1201 3618 1259 3680 ni-

236 3738 287 3814 hil
308 3738 444 3821 timere,
466 3736 547 3802 ism·
562 3756 596 3798 se
623 3733 727 3802 libera
759 3734 941 3800 exsultare·
961 3731 1047 3800 vella
1073 3734 1259 3820 exclamet,

238 3857 499 3924 menrasense
517 3853 559 3920 ab
577 3851 706 3941 Oreste,
730 3853 959 3942 prudentiore,
980 3875 1016 3919 se
1040 3853 1077 3918 in
1102 3852 1269 3920 omuibus
