2876 4704
1166 236 1287 330 85.

228 400 231 407 '
274 415 351 488 Iam
372 434 477 494 varo,
499 411 526 478 si
542 431 702 499 quaeras,
724 409 805 498 quid
838 407 1051 498 potissimum
1079 411 1207 502 pro'po·

170 535 275 602 situm
307 535 363 599 his
399 531 552 619 phallioia
584 529 788 596 carminibus
819 528 944 596 feerit:
976 531 1013 596 id
1045 553 1086 598 ax
1115 543 1208 620 parte

170 655 323 738 quidam,
337 648 470 739 opinor,
481 647 558 735 ipsis
571 646 646 734 illis,
657 649 857 736 quibuscum
875 647 1089 718 circumferri
1107 649 1210 738 pbal-

167 770 223 838 lna
245 770 388 853 soleret,
411 767 511 852 signis
528 766 712 854 indicatum
735 768 923 836 distinctius
942 789 1024 861 vero
1045 768 1134 846 idem
1155 766 1212 836 val

166 886 399 978 ithyphallicc
419 884 479 950 isto
495 885 583 972 apud
605 887 819 954 Athenaeum
838 885 1040 974 fragmento,
1063 887 1121 952 vel
1137 888 1209 952 los-

167 1007 251 1074 ciris
283 1003 409 1072 Comici
443 1006 614 1092 versibus,
638 1005 693 1076 vel
710 1006 855 1093 denique
871 1008 1122 1094 Aegyptiorum
1139 1007 1206 1108 illis

168 1124 576 1210 simulacrisdeclaratur,
600 1126 642 1192 ds
660 1147 809 1212 quorum
830 1125 990 1192 membris
1006 1125 1202 1212 ingentibus

164 1257 198 1311 at
215 1245 440 1330 neurospaatis
460 1243 656 1310 Herodotus
685 1243 784 1308 biron
808 1241 905 1328 logon
922 1265 990 1308 essa
1020 1245 1120 1313 dicite
1145 1247 1202 1314 ni·-

165 1365 291 1430 mirum
316 1362 470 1449 phallicia
497 1373 530 1426 et
546 1361 710 1449 Aegyptii
737 1371 770 1424 ot
797 1361 927 1446 antiqui
955 1361 1115 1432 Graeciae
1146 1367 1205 1434 iu·

167 1481 255 1547 colae
291 1479 532 1546 fecundantem
576 1480 692 1546 omnia
737 1479 840 1546 deum
886 1453 1085 1570 horumque*
1122 1483 1203 1558 fru-

169 1620 251 1684 gum
276 1599 426 1666 datorem
454 1597 678 1666 celebrabant.

269 1764 452 1858 Reliquum
476 1781 543 1855 est,
568 1780 605 1834 ut
636 1765 678 1835 de
694 1765 871 1856 tragoediis
894 1765 1022 1854 dicam,
1046 1769 1204 1836 nomina·

172 1882 226 1968 tis,
248 1887 336 1973 quod
355 1891 444 1955 clare
469 1891 541 1977 ipsa
558 1913 628 1957 vox
648 1911 766 1977 graeca
797 1887 911 1974 docet,
937 1911 956 1954 a
981 1887 1134 1955 cantibus
1156 1891 1200 1958 ad

166 2001 297 2070 hircum
328 2009 587 2096 pertinentibus.
631 2010 746 2095 Atque
775 2005 940 2094 luerunt,
970 2007 1092 2097 quibua
1117 2009 1198 2076 haec

164 2125 311 2189 nominis
334 2126 515 2212 explicatio
541 2139 611 2194 tam
636 2128 749 2214 inepta
770 2126 961 2214 videretur,
984 2137 1023 2192 ut
1050 2149 1122 2195 eam
1152 2150 1199 2198 ex

165 2240 238 2304 aliis
267 2243 467 2328 quibusdam
490 2247 678 2314 ducendam
713 2245 878 2310 radicibus
905 2257 1096 2327 censerent,
1119 2247 1199 2332 pln-

160 2359 256 2423 ribus
279 2361 315 2424 in
331 2359 455 2446 linguis
481 2365 648 2431 tristitiam
677 2365 954 2453 exprimentibus.
976 2370 1009 2446 1)
1047 2363 1200 2448 Verum,

159 2489 200 2541 ut
217 2489 427 2562 argumento,
450 2479 571 2566 quibus
587 2483 672 2548 hanc
688 2483 882 2550 confirmari
900 2495 1105 2572 putaverunt
1120 2505 1199 2548 aen-

159 2595 323 2678 teotiam‚
346 2595 532 2666 infirmiora
559 2613 655 2670 sunt:
687 2581 814 2668 irs'itta
843 2603 933 2670 vocis
964 2602 1198 2689 interpretatio

160 2724 290 2778 tantam
325 2714 424 2780 habet
450 2717 797 2808 verisimilitudinem,
818 2733 860 2786 ut·
874 2723 910 2786 in
936 2718 1080 2783 dubium
1096 2739 1198 2787 voca-

160 2832 192 2897 ri
224 2829 296 2897 fere
322 2847 474 2922 nequeat
520 2837 610 2904 Nam
636 2841 976 2926 primum'cantnum
1008 2847 1083 2924 post
1108 2856 1201 2906 sacra

158 2948 245 3016 facta
270 2951 439 3018 editorum
458 3003 468 3040 ‚
490 2967 528 3022 nt
554 2969 720 3026 taceamus
748 2960 791 3027 de
820 2954 1008 3046 posteriora
1031 2965 1196 3046 tempore,

159 3079 192 3134 et
216 3068 307 3157 apud
343 3067 538 3140 Homerum
568 3077 611 3169 a)
643 3078 840 3166 exemplum
858 3087 932 3170 eat,
972 3085 1005 3140 et
1027 3076 1197 3166 antiquius

159 3187 261 3255 etiam
287 3188 324 3254 in
350 3183 556 3262 Iudaeorum
574 3195 674 3265 vituli
692 3197 787 3264 istius
811 3195 904 3262 aunei
922 3197 1140 3263 veneratione
1158 3197 1194 3277 3)

160 3329 222 3372 nos
246 3307 374 3372 habere
397 3311 471 3396 quis
496 3327 564 3404 ast,
596 3317 656 3403 qui
680 3307 833 3384 nesciat?
864 3312 995 3379 Deinde
1022 3335 1104 3383 rara
1133 3334 1199 3381 no-

164 3559 193 3626 a)
224 3563 256 3616 ci.
273 3563 402 3633 Adalnng.
421 3571 471 3621 lax.
489 3579 573 3640 germ.¹
593 3590 621 3626 v·
645 3561 797 3638 Tragtidia.'

162 3707 190 3774 2)
226 3711 261 3764 n.
277 3714 301 3767 1.
322 3714 381 3782 467.
401 3734 458 3784 sqq.

160 3856 193 3920 5)
222 3858 306 3912 Ειοᾶ.
326 3861 436 3918 xxxn.
454 3864 480 3930 6.
