2864 4710
154 475 221 566 ret'
248 475 429 578 eximiam,
481 503 555 558 tum
600 465 724 557 erotiue
767 467 954 577 Oedipum
989 469 1178 558 Coloneum

71 649 73 654 ·
156 591 235 682 eum
276 617 447 700 Antigone
484 609 598 676 fabula
644 601 872 692 coniungeret.
934 606 1078 674 Minime
1100 631 1182 710 vero

155 755 216 820 ego
250 733 385 820 quidem
422 731 456 797 in
484 731 547 796 hoo
584 727 718 815 Oedipo
756 727 969 794 timiditatem
1015 749 1180 814 agnos003

153 853 215 918 ,sed
253 838 422 938 imprimis
456 852 492 915 in
527 850 590 915 hoo
625 848 776 914 admiror
809 845 1031 934 Sophoclem,
1067 849 1182 938 quodj

154 967 226 1057 ipse
249 991 370 1054 senex,
394 968 506 1036 miseri
533 967 623 1032 illius
647 977 747 1053 atque
773 965 884 1030 obruti
912 967 1081 1032 aerumnis
1104 968 1181 1054 riri,

154 1089 254 1156 etiem
287 1090 349 1156 heo
380 1090 417 1176 in
450 1085 574 1173 fabula,
593 1097 675 1154 tom
709 1095 914 1151 constantem
949 1097 980 1150 et
1014 1085 1186 1154 invictum

115 1229 120 1236 ·
153 1208 306 1276 animum
342 1209 542 1296 expresserit
567 1211 618 1288 1).
661 1203 773 1284 Nam'
794 1203 830 1268 in
864 1203 1008 1268 exordio
1044 1193 1198 1292 quidem¹

155 1326 292 1396 fabulae
327 1326 383 1409 ille
420 1349 454 1392 ee
486 1321 789 1406 abscondit,‘non,
819 1321 911 1408 quod
947 1319 1011 1386 eibi
1051 1324 1183 1392 timeat:

152 1443 226 1511 iem'
242 1444 334 1512 enim
357 1469 391 1510 se
412 1431 613 1528 magnarum
637 1439 798 1518 dearum,
821 1437 1048 1506 Eumenidum
1073 1441 1110 1508 in
1126 1433 1184 1506 tir-¹

152 1565 253 1629 telam
272 1561 464 1649 pervenisse
481 1559 622 1644 audivit3
642 1558 699 1624 sed
718 1569 849 1625 tanturn
865 1559 1063 1646 auscultare,
1086 1573 1184 1627 ente·

157 1701 261 1766 quam
286 1678 519 1768 conspiciatur,
546 1677 641 1743 chori
667 1699 837 1744 sermonen
873 1675 986 1766 eupit,
1008 1689 1113 1768 utque
1133 1673 1187 1750 vetr

154 1797 195 1862 iis
220 1817 365 1884 quoque,
390 1817 459 1861 sese
486 1817 564 1863 vere
587 1795 622 1860 in
644 1795 878 1862 Eumenidum⁴
902 1817 996 1862 seoro
1026 1817 1095 1862 esse
1124 1819 1186 1863 co-

152 1914 289 2002 gnorit,
313 1915 383 1980 eine
408 1925 502 1980 metu
528 1913 642 2004 prodit
664 1919 717 2000 ο).
760 1914 911 2004 Itemque
941 1914 978 1980 iu
1017 1893 1214 1990 melorum.

155 2053 298 2098 suorum
339 2031 551 2099 enarratione
592 2033 736 2100 horrore
759 2037 892 2122 potius,
927 2055 1029 2122 quem
1056 2037 1188 2104 ‘timore
1246 2103 1249 2108 ,

153 2151 269 2239 'aliquo
290 2163 450 2218 movetur
472 2131 760 2243 chorumqueite,
779 2155 920 2243 nequid
950 2155 1013 2221 sibi
1032 2157 1113 2222 mali
1130 2154 1188 2221 ftss

153 2245 235 2356 oiet,
259 2281 373 2356 roget,
395 2283 434 2336 nt
478 2270 637 2338 fiduciam
672 2274 724 2338 sui
767 2275 905 2359 'quidem
944 2271 1100 2358 nullim,
1126 2272 1185 2340 'sed

155 2389 294 2454 deorum
326 2387 477 2452 numinis
513 2388 794 2473 Athenarumque
831 2390 973 2456 iustitiae
1018 2411 1189 2457 eummem
1269 2387 1270 2392 ¹

155 2493 315 2572 ostendet.
357 2503 514 2592 Denique
542 2505 686 2571 eundem
703 2507 802 2572 etiam
819 2508 855 2573 in
872 2509 1088 2576 contentione
1109 2533 1188 2578 oum

152 2623 300 2688 'Creonte
326 2620 438 2709 hebes,
455 2645 563 2711 neque
580 2625 719 2690 omnino
737 2645 797 2710 ego
814 2625 924 2712 video,
946 2633 1030 2694 num
1048 2629 1128 2716 quid
1146 2631 1188 2696 ad

149 2741 417 2835 'commovendos
434 2742 564 2808 enim'oe
587 2747 655 2810 sese
683 2744 787 2831 magis
806 2745 932 2812 fectum
953 2747 1068 2836 possit,
1085 2769 1188 2834 quam

155 2880 259 2925 senex
286 2859 344 2925 ille
375 2839 585 2947 excoecatus,
626 2863 1187 2954 qut·,abrnbornimbeci11tmus,

157 2977 214 3043 sed
239 2975 418 3047 Furiarum
449 2982 595 3070 supplex
613 2983 869 3071 imperterritus,
892 2985 927 3050 in
952 3007 1101 3074 saxoque
1115 2984 1187 3054 ‘illo

154 3096 437 3185 immobilia‚tum
456 3089 570 3166 ominis
588 3123 631 3166 ex
651 3101 804 3187 sepulcro
824 3125 897 3191 suo,
914 3105 1031 3170 auditu
1050 3107 1187 3193 quidem

51 3243 53 3248 ¹
146 3200 383 3304 incredibilia,
399 3195 463 3284 ¹sed
482 3219 622 3286 mirifice
646 3242 708 3308 per
739 3219 1060 3309 deoseoonfirmata,
1078 3225 1182 3293 bene-

145 3333 230 3402 'ficie
256 3315 436 3427 promittit3
458 3349 532 3404 tum
550 3361 632 3406 vero
657 3339 854 3407 adversariis
879 3341 947 3408 suis
972 3345 1186 3433 atrocissime,

156 3473 304 3539 qnorum
341 3479 411 3524 non
443 3459 555 3526 minus
593 3479 710 3525 omnes
742 3458 917 3526 veritatem
942 3475 1182 3550 cognoverunt,

153 3574 242 3638 mele
272 3575 489 3664 imprecetur.
533 3577 746 3646 Moderatum
774 3589 871 3667 poete
893 3560 990 3648 'hene
1028 3581 1188 3650 duritiem

157 3761 226 3830 riv·
242 3763 300 3823 838.
317 3785 357 3834 aq.
374 3767 447 3838 ¹²⁵9·
462 3787 519 3840 sqq.

158 3881 182 3948 n)
199 3883 237 3934 Ut
266 3897 325 3934 rere
350 3883 382 3935 de
404 3885 451 3937 hoe
474 3889 531 3939 loeo
557 3892 709 3944 sententiam
730 3905 815 3944 :neem
837 3887 938 3942 dicant
953 3907 1000 3958 ego
1021 3889 1184 3956 Sophoclem*

157 3966 318 4020 removendo
334 3965 445 4036 Oedipo,
464 3971 543 4026 einero
566 3973 673 4028 canendi
694 3973 793 4040 sopiam
817 3973 902 4028 tenere
927 3977 1037 4026 votuisse
1060 3975 1185 4040 suspicor.
