2886 4700
220 495 402 564 necessaria
429 491 647 590 videbantur,
668 465 808 562 tecro‘res
833 490 1004 562 docebant.
1049 487 1146 568 Quas
1183 485 1257 585 qui-

220 615 299 678 dem
328 615 435 701 ratio,
470 612 562 679 haud
589 630 669 674 sane
699 603 963 696 contemnenda,
998 620 1113 698 postes
1141 607 1257 696 plures

220 731 265 798 ob
284 754 397 796 cousus
419 752 505 820 pene
537 727 647 794 omnia
674 729 958 794 commutabatur.
1001 728 1090 794 Nam
1116 705 1259 792 eumad

220 872 273 916 res
308 850 382 915 illas
417 845 666 938 cognoscendus
703 844 817 910 minus
840 845 1031 930 paritorum
1058 844 1258 912 'commodis

221 969 290 1036 iam
325 966 414 1032 setis·
437 965 616 1054 provisum
649 951 718 1029 esse
746 961 906 1028 brevibus
938 962 1006 1026 illis
1027 964 1259 1030 notationibus

222 1087 414 1178 videretur:
437 1082 543 1170 megia
559 1094 593 1148 ut
609 1082 716 1168 magis
734 1080 859 1166 singuli
878 1079 1017 1167 quidum
1042 1079 1107 1146 loci
1131 1083 1259 1147 obscua

220 1207 338 1290 riores,
360 1215 418 1268 aut
441 1199 605 1289 corrupti,
628 1211 686 1264 aut
704 1200 796 1266 varie
817 1179 932 1287 scripti
940 1245 950 1285 ,
972 1211 1135 1286 tauquam
1163 1221 1259 1265 carus

219 1345 259 1388 ac
290 1321 473 1408 temporis,
503 1321 540 1384 in
570 1319 692 1405 quibua
718 1339 860 1384 acumen
894 1317 1115 1405 pr'obrretur,
1138 1317 1256 1403 aenig-

220 1453 311 1508 mata
337 1439 469 1524 aliqua,
508 1459 647 1503 omnem
668 1436 846 1502 doctorum
862 1435 1076 1503 virorumad
1101 1456 1136 1500 se
1158 1445 1260 1502 uttrad

221 1559 347 1624 hebent
384 1555 567 1623 solertium.
618 1553 820 1642 Eodemque
858 1567 1028 1641 tempore,
1067 1554 1258 1622 incredibili

218 1679 342 1743 lidrum
366 1675 545 1743 literarum
576 1675 688 1741 studio
713 1674 748 1739 in
768 1667 925 1761 Europae
943 1671 1098 1758 gentibus
1125 1669 1258 1760 exortos¹¹

217 1797 281 1863 alii·
293 1781 420 1882 ingenii
445 1795 499 1860 sui
525 1793 600 1860 vim
630 1803 663 1857 et
692 1792 818 1857 loboris
849 1791 1074 1857 assiduitatem
1100 1792 1198 1857 unios
1221 1794 1260 1858 in

217 1917 254 1984 id
277 1913 538 2000 impenderunt,
559 1921 599 2000 ut
626 1907 847 1993 Antiquitatis
874 1927 986 1974 mores
1004 1923 1036 1975 et
1051 1911 1201 1977 instituta
1223 1921 1258 1975 et
1289 1969 1290 1978 ,

224 2053 373 2102 recessus
390 2023 546 2118 quosque
564 2026 619 2094 vel
639 2028 788 2092 maxime
806 2027 1016 2093 absconditos
1037 2025 1260 2112 illustrarem,-
1316 2089 1319 2095 .

221 2153 280 2219 alii
297 2172 380 2215 vero
408 2146 539 2235 egregia
564 2165 643 2211 cum
668 2145 767 2212 laude
784 2146 826 2211 od
843 2145 949 2234 ipsius
970 2145 1102 2230 linguae
1115 2146 1258 2212 ‘utrius-

224 2293 292 2360 que
308 2269 458 2336 indolem
477 2287 511 2330 se
529 2273 771 2331 converterunt
787 2264 974 2328 accuratius
992 2264 1269 2351 explanandam?

180 2467 181 2471 Ἰ
231 2403 236 2416 ’
329 2386 464 2468 Quibus
491 2383 731 2450 excellentium
755 2387 909 2450 virorum
941 2381 1057 2447 studiis
1089 2405 1168 2451 oum
1204 2385 1260 2450 his

223 2507 393 2599 proximis
428 2495 563 2568 duob'us
597 2502 737 2566 saeculis
762 2514 794 2566 et
818 2513 934 2568 nostro
960 2502 1082 2568 multas
1102 2497 1260 2569 veterum
1296 2483 1303 2495 „

223 2629 395 2696 librorum
431 2621 593 2690 editiones
621 2620 867 2708 acceperimus,
890 2641 1036 2708 quarum
1065 2632 1098 2686 et
1124 2622 1262 2687 criticus

174 2727 177 2736 V
222 2755 405 2837 apparatus
432 2753 466 2808 et
496 2737 704 2807 eruditionis¹
722 2739 774 2804 vis
798 2739 963 2806 immensa
986 2761 1055 2807 non
1079 2738 1121 2805 ad
1146 2761 1264 2806 unum
1382 2829 1386 2836 ,

225 2877 360 2933 tautum
388 2863 517 2929 editum
536 2863 737 2946 scriptorem
759 2858 890 2946 egregie
913 2860 1043 2924 aditum
1068 2856 1254 2946 patefaciet,

225 2976 286 3051 sed
311 2983 355 3048 ad
380 2993 518 3047 cunctos
550 2976 715 3066 praesidia
739 2977 971 3045 subministret
993 2977 1195 3065 largissima:
1216 2959 1285 3044 in¹¹

223 3103 266 3171 iis
288 3102 360 3169 fere
391 3099 551 3168 omnibus
590 3094 632 3160 de
663 3095 866 3180 scriptorum
892 3097 1026 3184 ingenio
1061 3108 1095 3163 et
1123 3111 1256 3182 natura,

223 3245 304 3291 oum
325 3218 599 3309 temporibusque
615 3213 769 3300 ipsorum
790 3228 824 3305 et
850 3227 917 3283 tota
939 3227 1034 3300 artes
1049 3215 1085 3281 in
1103 3237 1169 3304 qua
1191 3215 1263 3282 ets--

222 3344 401 3425 borarunt,
423 3335 658 3420 conjunctione
674 3333 718 3399 itu
735 3348 882 3420 ,egerunt
901 3335 954 3400 illi
971 3332 1050 3420 viri5
1074 3335 1166 3420 quasi
1182 3333 1258 3412 ‘hae

221 3472 289 3547 r'es,
306 3458 403 3526 sicuti
420 3457 500 3545 ipsis
518 3465 624 3532 erunt,
648 3453 804 3519 omnibus
822 3461 929 3521 s‘esent
952 3451 1261 3540 exploratissimae,
1298 3500 1301 3506 .

219 3581 323 3662 Quod
345 3577 482 3668 quidem
500 3587 557 3661 ut,
583 3575 781 3660 pracsertim
796 3575 833 3641 in
864 3575 929 3640 hoo
955 3572 1185 3639 recentiorum
1205 3571 1261 3635 li·'³

217 3713 369 3768 terarum
412 3697 499 3763 flore
521 3692 730 3779 admirabili,
762 3693 930 3781 imprimis
964 3673 1144 3759 molestum
1180 3702 1247 3757 est:

214 3821 261 3886 itu
278 3821 347 3886 iam
364 3815 538 3905 superiore
555 3824 661 3878 aetate
678 3815 865 3879 commovit
882 3813 998 3902 plures
1016 3821 1171 3875 veterum
1190 3809 1261 3874 in··

214 3950 399 4027 terpretes,
420 3947 459 4000 ut
484 3955 554 4000 non
571 3933 683 3999 solum
709 3932 861 4000 criticum
884 3951 985 4020 opem
1008 3941 1109 4019 atque
1129 3951 1258 4018 gremq·
