2864 4710
258 269 342 364 ὅὸο

258 467 337 519 uum
364 444 423 518 ille
449 453 519 517 ison
548 445 659 539 pessel
674 456 744 516 nori
770 469 833 537 pro
858 446 1039 518 tsutoimo
1060 449 1210 522 halieret'
1232 457 1296 543 qni

259 569 392 659 reliqua
415 567 477 636 ista
507 569 674 654 crederet,¹
695 566 837 635 fortasse
866 567 954 634 mele
980 569 1023 632 ab
1058 567 1189 638 Tiresia
1228 573 1292 640 do-

255 687 394 778 touque
421 679 585 756 inventa?
605 686 671 754 ded
700 685 809 752 severi
844 686 900 752 isti
925 707 1095 772 censores,
1118 687 1157 773 si,
1187 711 1291 778 quarn

255 806 393 878 difficile
416 808 459 874 sit
488 818 576 895 apte.
589 805 802 892 vituperare,
824 793 1201 892 cogitassent,'fortasse
1229 831 1293 876 ne-

256 947 325 1014 que
352 925 476 1013 Oedipi
500 926 536 992 in
567 923 734 990 Tiresiam
759 935 793 988 et
826 927 1009 990 Creontem
1043 923 1292 996 vehementium

254 1043 513 1132 etsuspiciones
539 1042 837 1130 reprehendissent.
884 1041 1041 1110 Primum
1072 1045 1185 1135 enirn,
1209 1066 1289 1113 cuns

252 1173 290 1228 et
317 1143 464 1230 Tiresiae
493 1160 551 1228 illa
574 1159 764 1229 criminatio
797 1159 872 1225 iure
902 1155 1036 1247 Oedipo
1073 1159 1158 1228 falsa
1191 1175 1293 1253 atque

222 1280 404 1366 maligna
431 1279 626 1368 rideretur,
646 1289 681 1346 et
712 1276 823 1344 Creon
854 1288 928 1366 turn
963 1275 1134 1364 Apollinis
1168 1283 1292 1350 retici·

257 1400 355 1468 nium
376 1398 463 1466 illud
486 1399 670 1484 attulisset,
692 1407 767 1462 tuus
796 1396 867 1484 ipse
899 1395 1129 1484 potissimum,
1156 1398 1292 1468 Tiresi-

256 1538 293 1583 as
316 1528 354 1583 ut
383 1517 634 1603 consuleretur,
666 1513 827 1582 suasisset·
841 1517 906 1597 s,):
928 1513 1073 1604 suspicio
1098 1517 1195 1604 regis
1216 1541 1292 1586 non

177 1719 186 1726 ,
255 1635 358 1726 plane
384 1654 466 1705 rero
502 1649 573 1704 erat
601 1635 735 1702 absona.
752 1613 912 1700 ⁴'Deinde
944 1655 1025 1702 vero
1055 1634 1192 1722 eadem,
1222 1659 1293 1726 qua

256 1751 312 1821 hic
344 1753 498 1844 Oedipus
532 1765 785 1838 commoretur,
816 1749 1028 1820 vehementia
1065 1751 1191 1822 fectum
1218 1770 1291 1824 eret

254 1871 454 1958 sliqusndo‚
490 1884 528 1941 ut
570 1873 702 1958 petrein
741 1889 841 1935 suum
878 1868 1108 1956 interimeret;
1146 1874 1285 1962 aptissi-

255 2009 378 2075 meque
393 2003 489 2077 poeta
508 1990 545 2056 in
565 1989 652 2077 viro,
674 1989 866 2076 ceteroquin
889 1989 1040 2076 optimo,
1062 1989 1098 2056 id
1114 1990 1225 2080 ipsum
1250 1992 1289 2062 in

208 2095 210 2105 ¹
252 2127 350 2174 scens
369 2107 468 2173 uobis
495 2108 617 2174 vitium
640 2090 796 2194 ostendit,
824 2106 916 2193 quod
939 2107 1109 2175 malorum
1126 2110 1197 2176 eius
1214 2110 1290 2200 pri·

252 2245 310 2294 nra
324 2245 423 2295 causa
438 2224 565 2294 fuisset.
607 2225 685 2292 Sed·
697 2224 855 2312 denique,
877 2223 980 2314 idque
997 2226 1153 2296 omnium
1175 2229 1288 2297 mexi-

253 2365 350 2414 rnurn
375 2357 447 2432 est,
469 2347 532 2414 huc
564 2345 742 2436 praecipue
766 2343 871 2412 animi
890 2344 944 2412 sui
962 2345 1198 2416 commouens
1218 2347 1287 2414 insa

254 2464 392 2551 peditur
418 2463 581 2554 Oedipus,
604 2463 808 2553 quominus
832 2463 1014 2550 tranquille
1038 2463 1201 2532 terribilia
1223 2465 1288 2533 Ti·

255 2582 361 2652 reciae
393 2583 480 2651 dicte
511 2594 611 2672 queat
643 2583 870 2673 perpendere,
910 2604 971 2648 nec
1011 2580 1191 2670 quicquam
1227 2606 1288 2652 co·

257 2700 357 2787 gitsri
384 2703 492 2789 magis
515 2701 680 2787 tragicum
715 2711 842 2788 potest,
865 2721 987 2789 quarn,
1011 2699 1103 2789 quod
1133 2701 1186 2766 hic
1220 2703 1287 2790 vir,

256 2821 315 2909 qui
351 2818 518 2888 Tiresiam
547 2818 622 2886 Laii
664 2819 773 2887 caedis
804 2813 976 2886 auctorem
1020 2829 1136 2902 voest,
1171 2820 1230 2908 qui
1257 2820 1289 2888 ei
1407 2877 1408 2888 ,

221 2967 225 2972 ·
255 2939 448 3006 eaecitatem
482 2937 684 3023 exprobret,
724 2958 887 3023 suamque
925 2936 1031 3025 ipsius
1061 2936 1097 3004 in
1128 2935 1286 3026 Sphingis

257 3057 444 3142 aenigmate
470 3055 633 3122 solvendo
657 3055 868 3142 sagacitatem
898 3054 1015 3142 iectst,
1039 3051 1099 3143 qui
1123 3055 1159 3121 iu
1188 3057 1283 3122 tectis

111 3165 113 3173 '
253 3175 387 3244 insidiis
410 3174 652 3264 perspiciendis
685 3197 721 3241 se
740 3175 871 3261 egregie
898 3186 1036 3242 acutum
1061 3172 1170 3243 hebet:
1192 3174 1286 3263 quod

258 3291 314 3356 hie
338 3291 417 3379 vir,
431 3293 584 3383 iuquam,
608 3294 681 3384 ipss
706 3292 764 3359 ille
786 3292 958 3379 sagacitate
989 3313 1049 3362 sue
1082 3279 1287 3382 reperiisse

254 3411 323 3478 eron
341 3409 444 3499 videt,
464 3413 566 3501 quod,
587 3435 666 3480 curu
683 3412 794 3480 omniu
811 3410 897 3480 male
908 3433 966 3477 sue
986 3410 1168 3478 clarissime
1181 3436 1289 3502 enar-

253 3540 325 3596 rata
342 3531 467 3618 audiet,
485 3535 578 3619 qussi
599 3555 714 3600 csecus
736 3545 768 3600 et
791 3533 914 3598 surdus
936 3529 1019 3596 nihil
1048 3531 1160 3615 sentit;
1182 3532 1288 3621 quod,

254 3649 322 3718 suis
351 3648 456 3741 ipsius
476 3651 759 3722 exsecrationibus
785 3651 853 3718 inm
880 3669 987 3738 prope
1003 3646 1126 3716 eiectus
1150 3671 1194 3716 ex
1222 3673 1289 3740 po·

246 3913 279 3984 u)
294 3911 397 3971 u'ttu
410 3931 459 3985 sqq
