2894 4700
261 277 341 364 226

259 475 352 538 esse,
374 427 588 518 irandemei
622 471 657 514 se
697 431 832 535 fecisse,
862 449 1105 538 ipsumque-se
1139 452 1298 522 Orestem

265 595 334 639 esse
355 570 508 636 declarat.
1043 565 1045 571 ’
1111 578 1115 584 ’

365 689 534 777 Equidem
558 687 661 752 talem
687 682 854 771 Orestem,
876 687 936 772 qui
968 688 1118 754 maxime
1142 690 1298 772 Atheni-

263 811 396 879 ensibus
422 805 558 894 placuit,
581 805 680 870 etiam
701 815 816 868 nostro
838 816 993 892 tempore
1015 808 1162 872 dixerim
1185 809 1297 891 place-

261 952 301 1002 re
323 920 418 1016 posse
438 923 591 989 cultioris
617 923 744 1010 ingenii
766 922 1019 1011 spectatoribus3
1041 927 1099 990 sed
1121 925 1299 993 Voltarius

261 1059 374 1114 tamen
398 1039 642 1110 parisiensibus
673 1041 778 1108 alium
817 1041 1015 1128 fingendum
1060 1067 1129 1110 esse
1158 1047 1302 1114 censuit.¹

244 1149 246 1155 ⁸
266 1166 350 1232 Eius
371 1160 462 1227 enim
485 1157 632 1245 Orestes,
654 1161 732 1227 inde
754 1161 795 1225 ab
820 1161 958 1248 primis,
981 1185 1065 1248 quos
1089 1165 1298 1251 pronuntiat,

261 1281 414 1350 versibus
425 1301 532 1366 usque
545 1279 587 1344 ad
602 1290 783 1365 extremos,
803 1301 838 1344 se
855 1278 1022 1344 infelicem
1033 1281 1205 1347 hominem
1228 1303 1300 1349 esse

261 1401 432 1490 quesitum
464 1420 525 1464 nec
559 1397 631 1464 fere
657 1399 694 1464 in
723 1399 795 1486 ipsa
835 1395 948 1464 fabula
989 1398 1166 1486 quiequam
1198 1398 1299 1488 facit,

260 1519 353 1609 quod
385 1539 457 1582 non
486 1513 666 1584 infeliciter
700 1515 827 1582 factum
853 1538 923 1584 esse
954 1539 1071 1582 omnes
1101 1518 1297 1587 concedent:

260 1646 313 1710 Ae
333 1636 456 1720 nescio,
477 1657 521 1701 an
555 1637 655 1702 etiam
683 1635 770 1720 aliis,
792 1647 881 1700 certe
903 1635 987 1700 mibi
1013 1634 1067 1700 hic
1093 1635 1226 1702 Orestes
1246 1636 1299 1700 in«

261 1757 397 1824 tardum
426 1753 558 1821 tristitia
593 1778 652 1820 sua
683 1753 879 1818 Hamletum
905 1754 1031 1819 imitari
1064 1754 1165 1833 illum
1209 1755 1300 1830 She-j

258 1870 422 1960 kespearii
444 1868 597 1954 videtur,
621 1891 814 1953 quanquam
838 1890 881 1933 ne
908 1869 943 1933 id
972 1871 1109 1957 quidem
1145 1872 1300 1940 feliciter:

260 1993 329 2060 nic
355 1987 444 2062 ,enim
472 1983 510 2048 in
545 1960 825 2049 transcursus
859 1985 993 2072 saeuis,
1026 1987 1105 2073 ipsa
1154 1989 1298 2056 aestiuus

256 2110 327 2178 auis
356 2100 666 2191 inexplicabilibus,
708 2102 796 2170 ritae
832 2103 943 2168 omnis
974 2103 1141 2186 humanae
1187 2107 1298 2180 simil÷

257 2229 349 2307 lima,
373 2218 525 2288 tristitiae
544 2240 669 2284 ¹cau-sas
706 2241 784 2284 sane
811 2220 988 2318 multaret
1011 2244 1131 2309 graves
1156 2223 1295 2303 babuit.

260 2342 405 2412 Viderat
413 2338 503 2405 enirn
521 2349 553 2403 et
567 2350 695 2425 patrem
712 2331 824 2425 suum,
842 2361 954 2426 regern
978 2343 1295 2429 praeclarissimum,

261 2477 294 2530 et
323 2460 439 2528 matris
459 2479 535 2543 erga
565 2479 643 2524 eum
674 2481 826 2524 amorem
848 2458 1066 2546 simulatum,
1087 2472 1293 2548 tuor-vero,

260 2580 402 2669 pessime
417 2589 533 2642 necato
551 2575 622 2660 illo,
641 2579 807 2666 parricida
822 2576 970 2644 nefarius
986 2587 1020 2646 so
1037 2579 1074 2645 in
1089 2580 1174 2645 solio
1192 2579 1293 2646 iacta·

264 2700 338 2782 bat,
362 2709 469 2762 mater
495 2697 641 2782 turpiter
668 2701 698 2763 ei
718 2707 914 2786 nupserat,
936 2683 1007 2794 ipse
1028 2720 1112 2764 vero
1134 2711 1207 2764 tum
1240 2700 1294 2766 bis

263 2815 392 2905 nuptiis
415 2813 585 2900 dignitatis
613 2816 723 2901 regiae
749 2819 820 2906 spei
854 2837 974 2902 magna
994 2828 1089 2903 parto
1117 2817 1293 2884 destitutus

264 2947 346 3021 erat,
379 2944 454 2997 turn
482 2956 596 3000 amore
621 2933 781 3022 flagrabat
808 2931 989 3021 Opbeliae,
1012 2955 1108 3020 quae,
1138 2937 1298 3024 quamvis

233 3129 236 3138 Ι
264 3064 351 3118 casta
382 3051 556 3139 bonaque,
591 3051 742 3118 eiusdem
772 3062 895 3147 'tamen
921 3073 1021 3118 sexus
1062 3063 1150 3139 erat,
1183 3055 1301 3138 cuius,

263 3172 300 3238 in
326 3173 445 3236 acerbo
483 3170 587 3257 ipsius
619 3171 840 3234 matrissuae
873 3169 1045 3256 exemplo,
1077 3169 1302 3256 fragilitatem.

250 3305 298 3360 ·et
317 3289 574 3358 inconstantiam
595 3287 698 3353 modo
722 3287 939 3373 cognovisset.
984 3286 1114 3367 Quibus
1133 3289 1292 3355 omuibus

271 3410 420 3498 graviter
445 3407 581 3472 effertus
602 3428 620 3470 a
641 3406 744 3492 patris
778 3405 941 3488 carissimi
959 3417 1089 3492 spectro
1113 3405 1153 3468 ad
1189 3408 1305 3492 puni--

267 3529 395 3593 endum
420 3525 623 3612 parricidam
649 3527 825 3609 excitatur,
848 3521 963 3606 bomo,
986 3521 1078 3609 quod
1099 3523 1169 3610 ipse
1190 3530 1293 3590 innu-

268 3647 371 3714 meris
396 3643 479 3709 locis
501 3642 656 3727 declarat,
679 3665 749 3709 non
775 3642 818 3707 ad
847 3641 1015 3726 agendum
1040 3638 1165 3728 factus,
1195 3646 1291 3731 eogi-

264 3767 429 3831 tationum
453 3782 590 3826 suarum
613 3761 744 3826 tristitia
771 3761 923 3843 obrutus,
946 3759 1076 3824 consilii
1108 3763 1288 3829 constantia

176 3865 178 3870 ,
273 3897 305 3951 ct
324 3880 518 3949 strenuitate
550 3880 736 3946 destitutus.
778 3877 982 3948 Laudandae
1009 3879 1197 3970 praeclarae
1223 3881 1293 3960 huf
