2902 4704
250 253 326 346 116
421 215 425 222 Ι

247 433 452 524 plerumque
484 432 589 518 rer'o,
631 430 685 496 his
711 434 972 522 praetermissis,
1004 457 1118 506 esrum
1157 461 1275 508 rerum

247 552 441 641 Aeschylus
454 550 611 618 inventor
634 549 841 618 nominetur:
865 577 1058 642 quenquam
1076 558 1276 626 Aristoteles

247 683 364 739 stenem
375 671 548 760 ⁴picturern
577 687 620 731 ne
645 665 674 731 ei
701 667 857 752 quidem,
881 674 939 737 sed
972 675 1136 764 Sophocli
1175 676 1276 754 eteris,

247 791 333 863 huit.
376 792 492 874 Atque
509 784 625 848 itidem
645 803 766 872 perum
784 791 1148 859 eccuretePluteruhus
1165 795 1277 884 Phry·

243 909 384 979 nichum
410 915 442 970 et
468 901 679 989 Aeschylum
704 901 899 988 &fabulae
925 913 1129 979 convertisse
1144 926 1277 1000 tregue·

246 1029 336 1096 diam
348 1021 447 1089 dicit:
468 1019 636 1107 siquidem
653 1031 742 1086 certe
759 1021 886 1107 eliques
902 1020 1034 1091 subules
1046 1031 1148 1096 etiem
1165 1032 1278 1110 Thes·⁴

244 1147 298 1234 pis
322 1150 569 1229 proposuernt3
591 1139 646 1204 sed
664 1159 737 1224 ees,
761 1139 854 1226 quod
878 1140 1051 1228 aptissime
1076 1145 1148 1232 ipse
1170 1150 1277 1226 Arisi¹

245 1260 363 1332 toteles
387 1257 605 1345 comprobet,
628 1257 801 1327 breviores
818 1269 917 1346 etque
942 1272 1014 1326 erte
1034 1263 1147 1330 minus
1172 1285 1278 1332 error·-¹

243 1392 346 1447 netes.
373 1383 406 1460 ι)
453 1376 573 1466 Neque
597 1377 695 1444 eliter
722 1378 763 1443 de
788 1377 919 1444 ludicro
945 1377 1089 1447 dictione
1105 1393 1139 1447 et
1156 1382 1277 1470 dege-g

241 1517 320 1562 nere
345 1497 489 1586 satyrico
516 1496 607 1583 opud
639 1493 834 1585 Stagiritem
862 1497 920 1564 ills
948 1497 1161 1588 intelligenda
1186 1516 1276 1570 suut

244 1613 377 1681 Scilicet
419 1615 600 1705 Thespidis
643 1615 861 1702 rudimentis,
902 1617 938 1684 id
976 1619 1068 1704 quod
1100 1643 1144 1688 ex
1179 1624 1276 1689 omui

240 1745 355 1799 nostre
392 1734 434 1800 de
458 1736 626 1821 tragoedia
666 1712 925 1822 disputatetione
970 1735 1131 1828 efficitur,
1177 1742 1275 1808 initio

241 1852 385 1938 satyrice
422 1851 530 1915 multe
567 1863 667 1935 utque
701 1851 832 1914 ludicre
856 1851 996 1916 edmiete
1028 1869 1143 1940 erent,
1167 1876 1275 1944 quse,

237 1965 475 2058 progrediente
491 1975 587 2050 erte,
609 1986 654 2031 ex
672 1986 709 2029 ee
737 1966 997 2032 removebantur
1015 1971 1196 2056 paulatim,
1219 1985 1272 2036 st-

240 2111 306 2177 que
332 2086 368 2152 iu
396 2105 526 2150 novum
567 2103 708 2172 poeseos
733 2106 856 2171 genus,
895 2085 1100 2172 setyricum,
1136 2087 1274 2174 abiegna

240 2207 377 2272 buntur.
424 2201 585 2292 Idemque
607 2201 706 2266 etism
730 2202 790 2285 iis,
812 2207 896 2290 qu'se
913 2215 1121 2290 sequuntur,
1145 2205 1274 2274 iudice·

185 2327 187 2330 ’
240 2327 290 2393 vit
310 2321 530 2406 Aristoteles,
553 2321 630 2388 setis
653 2319 762 2405 clere,
784 2331 823 2386 ut
847 2319 931 2387 mihi
956 2322 1108 2410 videtur,
1141 2347 1206 2413 pro
1233 2349 1272 2396 ee

240 2439 487 2528 meritaeque
505 2419 708 2526 'l'hespidem
726 2461 768 2506 ue
784 2439 1009 2510 nominaverit
1026 2443 1178 2532 quidem,
1202 2445 1272 2512 Ae·
1323 2489 1327 2502 ·

241 2563 399 2648 schylnm
425 2581 506 2627 vero
534 2559 720 2644 secundum
745 2560 921 2626 induxisse
954 2573 1103 2630 ectorem
1136 2564 1272 2652 dixerit,

240 2681 348 2764 tertii,
383 2699 450 2767 quo
473 2679 666 2766 seepissime
705 2678 763 2744 ille
795 2700 874 2744 usus
917 2691 966 2748 est
989 2677 1041 2771 2),
1062 2667 1272 2752 mentionem

241 2802 372 2870 nullum
400 2795 523 2866 fecerit
566 2798 687 2886 Neque
711 2797 814 2862 huius
837 2799 1022 2867 cothurnos
1055 2814 1088 2868 et
1114 2804 1217 2891 pelles
1239 2816 1272 2870 et

242 2919 414 2988 rheehiues
442 2915 500 2984 ille
516 2930 700 3003 memoret3
722 2916 779 2983 sed
810 2916 1006 3006 simpliciter
1036 2941 1153 2988 ecenue
1169 2924 1272 2991 udor·⁸

240 3041 412 3105 notionem
430 3034 590 3122 Sophocli
610 3035 736 3100 tribuit
786 3035 1070 3104 Tetrometrorum
1093 3062 1174 3109 vcro
1191 3064 1272 3107 usus

240 3158 286 3224 ite
303 3157 340 3222 iu
357 3155 423 3220 hoo
439 3154 514 3220 loco
530 3164 581 3219 est
605 3175 682 3220 oum
706 3152 836 3240 Satyris
858 3153 1079 3241 coniunctus,
1103 3170 1151 3245 ut,
1169 3160 1197 3226 si
1220 3148 1272 3226 lu·

243 3278 322 3342 dere
351 3274 484 3340 enimus
515 3285 618 3359 esset,
647 3273 691 3338 eb
715 3270 898 3338 Aristotele
927 3272 1028 3340 etiem
1059 3276 1271 3364 Aeschylum

239 3394 337 3462 initio
359 3415 430 3460 non
455 3391 661 3480 tragoedias,
682 3391 741 3456 sed
770 3401 903 3479 satyros
924 3391 1092 3480 scripsisse
1117 3393 1270 3460 offirmo-

244 3531 308 3580 ηε.
352 3511 418 3578 Sed
445 3508 513 3574 ism
547 3522 624 3577 unte
661 3532 739 3577 eum
776 3509 1010 3598 Phrynichus,
1044 3531 1145 3598 quem
1184 3511 1268 3580 Sui-

242 3770 266 3839 t)
300 3770 375 3824 Idem
394 3771 522 3838 eptissime
542 3770 705 3824 Hermanno·
723 3769 867 3822 observeris
891 3766 924 3820 ed
944 3767 1052 3824 Aristot·
1067 3783 1136 3836 poet.
1155 3769 1205 3824 lV.
1224 3770 1269 3826 153

239 3906 265 3970 a)
300 3907 358 3960 lmo
381 3903 475 3958 Pollux
495 3901 616 3972 Aeschyli
630 3915 749 3972 quartum
774 3915 888 3958 ueterem
907 3916 1031 3958 memoret
1047 3901 1142 3960 Ouum.
1157 3903 1204 3970 tv,
1224 3903 1265 3957 15·
