2894 4700
190 313 191 318 κ
228 279 309 362 290

230 428 279 496 tio
298 437 358 511 est,
379 425 417 490 in
432 443 497 511 qus
511 417 680 488 Deneidee
697 413 873 502 supplices,
897 433 983 500 quse
1000 413 1144 481 chorum
1165 437 1271 483 com-.

228 557 381 637 ponunt,
404 563 442 608 re
457 562 538 606 vers
560 538 687 625 primns
711 544 824 620 egunt.
867 533 1119 618 Agamemnoni
1150 545 1262 602 sutem

227 665 372 747 lebuine,
394 661 510 747 inque
532 657 598 724 hoc
614 650 875 740 regegrsviores
900 663 1012 739 portes
1028 651 1270 740 myteriorum·

227 799 280 852 trn
307 779 407 846 hebet
433 781 497 860 ι),
526 795 652 842 nomen
678 780 879 858 propterea,
914 779 952 834 nt
981 768 1134 857 videtur,
1165 783 1264 860 poete

228 901 271 968 ab
288 901 348 965 illo
363 893 495 980 indidit,
518 890 609 978 quod
626 885 933 978 splendidissimum
953 900 1054 972 esset,
1085 890 1126 961 ed
1144 901 1265 958 totum.

229 1041 295 1106 que
307 1017 400 1083 illem
415 1011 587 1097 trilogiem
604 1009 787 1096 pertineret
804 1009 852 1091 n).
896 1006 951 1070 Ac
967 1009 1103 1094 Septem
1115 1007 1271 1074 sdThea

227 1137 287 1202 bns
319 1131 486 1218 fabulum,
519 1149 621 1216 quum
655 1125 847 1211 Aeschylus
883 1126 1040 1211 vocavit,
1082 1125 1266 1213 Euripides

228 1277 249 1322 e
280 1253 387 1320 choro
419 1247 616 1322 Phoenissae
650 1236 838 1330 inscripsit,
872 1243 1010 1310 scudem
1045 1243 1264 1331 obscurem,

230 1371 322 1460 quod
350 1369 388 1436 in
416 1389 454 1434 es
484 1364 637 1453 plurium
668 1375 779 1451 pertes
803 1372 883 1428 suut
912 1362 1074 1448 gravitate
1095 1361 1167 1428 lere
1198 1385 1264 1450 pe-

228 1517 294 1562 res.
337 1487 410 1552 Nec
432 1485 665 1567 misebuntur,
688 1481 746 1569 qui
782 1467 956 1567 Euripidis
979 1491 1265 1568 ertem'perspeoff

232 1626 303 1680 tem
330 1604 474 1692 hebent,
498 1603 589 1692 quod
615 1600 645 1668 ei
682 1599 747 1664 hoc
788 1598 992 1666 inscribendi
1023 1621 1126 1685 genus
1162 1587 1263 1684 prus·-¹

117 1755 122 1766 .
229 1732 329 1820 cipue
367 1725 552 1814 placuerit,
575 1717 784 1807 aptissimum
824 1727 872 1780 est
909 1717 998 1782 enim
1042 1716 1083 1784 iis
1126 1713 1264 1802 fabulis,

235 1868 333 1937 quse,
369 1842 483 1928 queles
518 1850 597 1902 sunt
633 1834 705 1900 eius
733 1832 912 1920 plurimae,
941 1833 1079 1900 remisse
1119 1836 1264 1921 tragice.

235 1985 317 2032 rum
349 1961 461 2045 legum
487 1953 685 2036 severitate,
708 1950 850 2038 propius
867 1949 910 2014 ed
936 1952 1065 2036 epicum
1101 1952 1266 2020 accedunt

233 2079 415 2150 licentiam.
458 2057 547 2138 Cnm
578 2091 662 2136 vero
703 2091 760 2137 see
784 2067 1038 2154 inscriptiones,
1071 2069 1266 2154 exquibus

233 2223 305 2268 non
332 2194 434 2286 plene
459 2209 698 2277 cognoscemus
730 2186 785 2271 id,
809 2187 901 2274 quod
927 2185 1108 2275 spectaturi
1140 2187 1276 2272 simus,.

227 2318 327 2394 ,hund
350 2313 448 2382 dubie
462 2307 699 2400 praeferendae
720 2307 759 2382 iis
782 2304 860 2392 sint,
882 2327 967 2394 quse
984 2319 1114 2394 perteue
1132 2317 1266 2374 tuntum

232 2457 371 2521 rerum,
392 2445 581 2520 etquenam
599 2447 696 2516 seepe
720 2425 880 2492 leviorem
908 2424 1107 2510 significent:
1130 2423 1269 2492 fortasse

236 2558 324 2624 bene
341 2552 471 2620 fecisset
491 2546 682 2636 Euripides,
693 2544 721 2609 si
736 2556 865 2632 praeter
881 2543 1043 2630 Troades,
1063 2543 1275 2626 Phoenissis,
1337 2571 1342 2585 ·

192 2737 195 2747 ,
243 2673 429 2762 Supplices,
447 2666 606 2745 Bscches,
628 2662 826 2729 Heraclides
848 2661 947 2729 etiem
969 2660 1049 2726 alies
1066 2683 1107 2726 ex
1125 2660 1271 2726 suis'fs-

238 2794 329 2861 bulis
343 2791 385 2858 sb
401 2789 508 2856 choro
525 2782 733 2874 appellasset,
745 2779 849 2848 veluti
859 2777 1136 2866 Andromachen,
1147 2779 1182 2846 in
1200 2803 1267 2868 que

243 2914 345 2980 huius
365 2910 471 2998 ipsius
493 2916 605 2994 partes
626 2903 766 2968 minime
787 2909 864 2965 sunt
886 2896 1111 2983 greyissimee.
1150 2897 1280 2984 Atque,

238 3032 331 3098 hunc
362 3025 500 3114 quidem
533 3041 663 3088 morem
689 3039 805 3084 esrum
836 3014 1117 3111 lnbulsrum,in
1144 3017 1268 3103 quibus

239 3172 310 3218 nou
327 3167 395 3211 uun
417 3143 529 3231 alique
549 3160 692 3228 persone
709 3137 833 3225 primes
858 3145 979 3220 egeret,
996 3123 1141 3199 e'clroris
1159 3138 1268 3228 nomi·

238 3266 429 3338 ponderum
440 3263 539 3328 etiem
557 3257 695 3324 comicis
712 3254 895 3344 proiectum.
912 3253 1024 3338 fuisse,
1035 3253 1271 3340 Aristophanis

241 3381 518 3460 comoediarum,
546 3401 630 3468 quse
660 3382 860 3463 supersunt,
884 3372 1050 3459 plurimae
1077 3371 1267 3437 ostendunt.

240 3523 265 3589 sl
284 3524 317 3575 et.
338 3487 439 3574 dehoc
460 3519 588 3584 preeclnre
608 3511 778 3581 disputantem
809 3511 890 3567 vult.
919 3527 945 3562 v.
961 3501 1111 3561 Humtetde'·
1127 3504 1268 3576 Aeschylos

239 3607 426 3675 Agamemnon,
446 3619 473 3668 p.
490 3597 537 3652 vt.
554 3617 611 3664 sqq.
1057 3599 1059 3602 ·

242 3705 269 3773 u)
286 3705 408 3759 Similiter
423 3698 619 3768 Slrslespesrine
643 3713 714 3750 sunm
733 3695 803 3746 illem
823 3691 933 3742 fabulam
955 3689 1053 3742 iulium
1066 3691 1199 3746 Caesarem
1213 3708 1265 3744 uc·

239 3791 353 3844 minavit.

617 3907 939 3936 a*
