2896 4712
1116 314 1204 424 217'

174 483 309 553 Orestes
331 507 369 552 ao
391 464 494 551 duliio
525 475 638 571 aliquo
661 481 816 548 turbatur
840 459 892 568 r),
915 457 982 568 aad,
1006 479 1201 557 adreuieute

171 606 355 690 Aegistho,
386 605 426 670 ab
459 605 700 691 cogitationum
730 599 863 666 tristitia
894 601 1005 667 statim
1035 603 1090 670 ad'
1106 604 1200 675 'aliud

171 728 282 806 agitur
313 723 459 808 facinus,
490 721 671 809 fabulaque
692 710 851 806 sio³axit,
881 729 940 807 ut,
972 723 1063 809 quod
1092 725 1207 793 voluit

172 856 290 931 poeta,
314 842 554 908 sceleratorum
586 837 769 916 hominum
799 837 973 905 audaciam
1004 851 1204 928 spectatores

170 965 324 1050 punitam
363 961 538 1045 viderent,
569 960 611 1026 de
633 956 754 1024 Oreste
788 967 920 1044 autem,
949 969 1066 1048 utpote
1101 961 1209 1050 quem'

174 1083 296 1148 scirent
336 1080 416 1169 ipsis
448 1079 611 1166 Athenis,
648 1075 830 1143 adiuvante
873 1075 1048 1164 Minerva,
1089 1059 1208 1168 postee'

172 1201 362 1267 absolutum
385 1221 473 1286 esse,
495 1223 564 1265 uon
585 1207 693 1264 essent
715 1195 863 1263 nimium
885 1193 1030 1264 solliciti.
1075 1197 1114 1266 ln
1138 1185 1207 1294 qua

173 1319 224 1386 rai
247 1319 459 1384 institutione
482 1319 508 1384 si
531 1338 599 1383 non
622 1337 801 1404 possumus
823 1337 893 1380 uon
910 1315 1048 1384 laudare
1070 1295 1214 1409 Sopho-³

177 1439 281 1504 ciem:
304 1437 503 1504 Voltarium
526 1458 596 1501 non
617 1435 736 1518 video,
759 1434 816 1520 qui
839 1435 997 1520 negemus
1026 1437 1128 1524 egisse
1155 1435 1205 1506 iu.

172 1553 366 1623 humanius.
389 1553 430 1620 In
452 1555 524 1618 eius
546 1553 636 1618 enim
657 1551 791 1618 iabuiae
813 1553 919 1635 exitu,
937 1571 1078 1642 propter
1102 1557 1208 1624 ie‘vis·¹

171 1675 296 1741 simum
319 1694 489 1757 errorem,
513 1671 560 1738 dii
582 1671 636 1736 isti
659 1671 786 1737 morosi
809 1669 976 1758 Orestem,
1008 1665 1210 1762 ceteroquiu'

175 1793 305 1858 bonum
329 1791 513 1876 hominem,
535 1813 604 1856 non
628 1791 794 1856 modoad
824 1791 940 1855 matris
968 1787 1211 1862 suae'oaedar'n'

174 1910 404 1998 compellunt;
433 1909 612 1975 sedtsimul
644 1909 779 1997 privant
807 1929 885 1974 eum
917 1911 1094 2000 omnibus,
1129 1913 1207 2002 qui·-

178 2030 258 2113 bus,
282 2051 359 2093 cum
382 2029 499 2094 dolore
520 2051 679 2115 summo,
698 2027 808 2093 caruit
837 2039 907 2092 tam
930 2027 1008 2118 diu,
1032 2011 1209 2099 sororibus

179 2148 376 2235 carissimis,
407 2146 570 2236 imperio,
606 2147 735 2237 patria,
758 2169 902 2236 cumque
923 2149 1058 2216 sceleris
1102 2132 1212 2240 iliius,⁸

176 2269 274 2357 quod=
299 2267 468 2333 commisit
497 2267 645 2346 invitus,
682 2265 885 2334 couscientia
917 2251 982 2334 ¹ills
1010 2270 1208 2356 gravissime

89 2407 92 2416 ¹
173 2389 336 2476 agitatur,
356 2387 395 2449 in
416 2403 476 2448 sua
496 2386 651 2468 ipsorum
671 2407 737 2472 ope
755 2397 788 2450 et
806 2385 1044 2453 benevolentia*
1059 2407 1154 2475 spem
1176 2389 1208 2454 ai

172 2505 306 2574 nullam
326 2502 534 2588 relinquunt.
553 2501 795 2584 Quamobrem,
807 2525 875 2592 quo
894 2505 999 2591 magis
1019 2504 1205 2596 desperan-

173 2625 217 2691 tis
239 2619 369 2687 Orestis
398 2641 570 2686 sermones
600 2620 650 2685 ilii
680 2620 875 2688 abdicandi
904 2635 975 2689 arta
1009 2605 1206 2710 splendeat:

174 2755 216 2810 ab
251 2741 364 2806 minus
387 2739 601 2827 probandum
623 2751 759 2828 poetam
789 2751 892 2828 puto,
915 2724 1212 2827 qui‘fabuiim·'ita'

176 2858 381 2942 instituerit,
403 2869 443 2922 ut
464 2878 669 2945 nequeamus
694 2878 814 2944 negare
835 2859 896 2924 has
931 2859 1074 2924 deorum
1106 2880 1209 2925 acaum

175 2981 317 3046 sationes
341 2997 410 3042 ease
432 2976 542 3042 iustas.
591 2977 820 3046 Cui.arimiui.
833 2983 874 3041 eo
895 2978 1050 3043 cumulus
1072 2973 1206 3062 aioeiiit',

174 3099 272 3188 ‘quod
294 3097 395 3162 etiam
416 3095 579 3184 Pylades,
601 3097 662 3184 qui
685 3077 778 3160 anisa
801 3117 934 3183 semper
954 3097 1034 3162 deos
1055 3105 1211 3166 summo-²

176 3241 256 3306 pere
281 3215 452 3302 laudavit,
475 3217 509 3280 in
532 3216 698 3282 extremis
722 3213 858 3282 tubulas
886 3215 1038 3282 versibus
1067 3231 1122 3284 eos
1149 3201 1210 3283 fua*

174 3357 251 3403 rere
272 3337 309 3402 in
331 3335 488 3401 homiues
510 3334 669 3400 coneedit.
733 3373 736 3380 ,
767 3341 773 3366 ¹
1133 3321 1138 3333 '

278 3455 461 3520 Praemisso
488 3453 553 3519 hae
581 3453 623 3518 de
653 3451 717 3518 diis
755 3451 998 3540 disputatione,
1020 3448 1077 3519 'ad
1115 3457 1206 3520 utri-

175 3595 283 3660 usque
311 3573 446 3641 {abulae
480 3572 729 3638 institutionem·
750 3571 989 3660 progredimur
1020 3572 1212 3662 exploran·'

178 3694 267 3759 dam.

178 3949 203 4017 ι)
219 3968 247 4004 r·
265 3946 339 4004 14¹8·
