2876 4704
260 302 317 394 28

257 503 297 552 re
313 489 426 550 nostra
443 481 569 576 aliena3
587 485 644 553 aed
667 485 770 574 magia
791 499 905 556 tamen
922 487 965 560 ad
982 509 1056 558 eam
1070 487 1106 559 id
1130 489 1285 579 pertinet,
1334 505 1339 516 ·

258 601 352 692 quod
368 603 488 672 eodem
509 605 545 671 iu
563 606 637 672 ioco
655 603 775 672 Suidas
792 607 959 678 Arionem
978 621 1011 677 et
1031 583 1201 699 tragicum
1220 633 1288 676 mo·

257 723 341 790 dum
357 723 523 796 inveniere
539 731 573 788 et
597 731 721 809 satyros
744 724 918 792 intimiore
938 730 1056 797 scribit
1084 727 1227 803 nereidae
1243 730 1288 795 lo·

256 855 398 931 quantoe.
441 846 494 908 Ao
522 839 656 908 mirerie
681 861 779 926 sene,
809 861 889 908 oum
906 843 985 910 Viri
1012 847 1120 938 docti,
1154 851 1213 940 qui
1246 850 1288 916 de

255 959 360 1064 initiis
388 956 578 1044 tragoediae
612 957 865 1044 disseruerunt,
896 962 1027 1047 omnia,
1068 989 1288 1055 quaeeunque
1325 976 1326 986 ’

253 1079 298 1145 ad
316 1100 352 1144 ea
370 1077 497 1142 ferrent
512 1074 670 1163 vestigia,
693 1077 901 1164 collegerint3
922 1079 1092 1144 neminem
1109 1083 1182 1150 fere
1196 1087 1287 1152 huno

257 1193 404 1280 attigisse
418 1193 552 1282 locum,
575 1194 653 1283 qui,
674 1195 740 1262 nisi
765 1195 857 1261 alind
881 1195 1004 1260 certius
1028 1193 1231 1286 quicquam,
1254 1215 1287 1268 at

256 1309 372 1378 aeltem
390 1311 507 1400 aliquo
525 1315 629 1383 modo
648 1315 747 1384 etiam
766 1313 935 1382 Arionem
961 1312 1121 1380 meruiaee
1149 1317 1192 1382 de
1214 1329 1285 1383 tra-

253 1429 374 1521 goedia
390 1431 576 1501 confirmet.
611 1432 719 1502 Unus
737 1418 978 1522 autem'quem
995 1451 1187 1513 memorare
1204 1453 1283 1498 eum

248 1549 429 1636 recordor,
459 1551 620 1641 Vatriue‚
646 1557 685 1642 1)
724 1553 939 1624 festinatione
959 1550 1063 1618 falens
1087 1571 1169 1637 sua,
1196 1548 1285 1635 male

250 1665 330 1736 inde
343 1669 513 1740 Arionem
528 1673 719 1763 tragoediae
736 1697 861 1764 genus,
883 1673 996 1740 neeoio
1013 1669 1125 1761 quod,
1156 1669 1283 1736 novum
1364 1689 1369 1703 ·

249 1787 416 1855 inveniere
449 1791 632 1875 conolorit3
669 1793 761 1876 quod
793 1805 924 1854 tantum
942 1791 1052 1873 ebert,
1074 1802 1114 1854 ut
1138 1790 1282 1876 tragicus

245 1903 370 1972 modun
385 1904 565 1992 significet,
589 1915 629 1969 ut
660 1905 872 1992 melopoeiae
897 1925 1000 1988 genua
1028 1905 1199 1988 quoddam
1224 1908 1284 1971 de-

245 2022 359 2088 oiaret.
402 2020 457 2087 De
473 2041 553 2110 quo,
577 2019 604 2087 ei
626 2041 695 2086 nou
715 2021 787 2110 ipse
804 2019 971 2087 Aristides
987 2017 1219 2098 Quintilianus
1237 2023 1281 2087 ad

245 2159 389 2206 manum
407 2149 490 2225 erat,
507 2139 544 2206 in
562 2137 678 2206 libello
696 2159 759 2205 ouo
785 2138 827 2205 de
856 2139 984 2204 murice
1000 2137 1167 2226 tragicum
1198 2159 1280 2206 mo-

246 2261 331 2327 dum
357 2280 436 2326 oum
456 2258 592 2325 nomino
616 2267 649 2324 et
665 2256 916 2346 dithyramhioo
941 2277 1147 2348 oomponene
1169 2263 1223 2344 ai:
1246 2271 1281 2327 at

244 2379 377 2469 egregie
393 2399 474 2446 eum
492 2377 612 2443 dooere
628 2375 790 2443 Burettue
807 2389 958 2466 poterat,
979 2375 1103 2444 sodalis
1120 2377 1225 2468 ipsine
1241 2380 1278 2448 iu

243 2496 457 2567 Academicis
489 2509 525 2566 et
547 2494 697 2564 musicae
712 2496 870 2586 antiquae
886 2497 1052 2587 interpret
1074 2497 1279 2586 elegantissi-

242 2639 330 2684 mus.
352 2615 395 2707 3)
443 2615 519 2704 Sed,
537 2615 706 2706 aiquidem
722 2617 839 2686 Arion
856 2617 1022 2706 tragicum
1037 2617 1191 2705 modum,
1209 2611 1288 2684 Do·'

244 2740 334 2805 rioee
364 2737 561 2806 hermoniae
589 2735 752 2825 speeiem,
775 2747 833 2803 aut
863 2737 992 2807 invenit
1018 2735 1169 2824 primur,
1198 2748 1275 2824 aut,
1311 2781 1313 2787 -

244 2859 337 2946 quod
359 2859 415 2926 hio
431 2879 568 2948 quoque
582 2880 704 2944 eumer,
726 2856 905 2944 praecipue
927 2852 1106 2940 expolivit:
1124 2854 1214 2938 iam,
1235 2854 1274 2920 in
1352 2941 1354 2944 Ι

242 2975 366 3062 quibus
392 2977 607 3063 potissimum
630 2971 836 3040 carminibus
859 2993 941 3054 ¹uiue
974 2991 1014 3036 eo
1037 2968 1098 3054 eit,
1122 2972 1274 3058 quaestio

240 3093 370 3161 exeietit
386 3091 601 3178 perdifficilis.
644 3082 735 3156 Nam
765 3088 807 3155 de
823 3088 903 3174 ipeie
926 3084 1153 3175 dithyrambis
1177 3091 1273 3175 eogi-

240 3223 313 3277 tare
333 3209 395 3274 vix
412 3229 449 3275 ea
475 3185 536 3276 noe
570 3207 696 3294 sinunt,
718 3227 804 3295 quae
825 3206 866 3270 de
881 3204 1086 3292 Philoxeno,
1109 3221 1274 3278 novatore

240 3330 277 3398 in
303 3327 432 3396 musica
463 3327 682 3396 audacissimo
689 3373 701 3408 ,
722 3323 923 3396 Aristotelen
943 3339 1198 3396 commemorat.
1220 3328 1266 3414 t)

215 3542 217 3548 ’
241 3537 266 3601 ι)
300 3537 379 3590 uem.
392 3489 538 3589 de't’Aead.
554 3533 599 3588 dee
613 3535 729 3604 inscript
743 3547 797 3588 tom
807 3533 869 3588 XV.
888 3550 916 3602 p.
930 3530 988 3586 ato

237 3668 264 3736 u)
297 3686 326 3736 p.
341 3671 374 3722 50
395 3667 437 3722 ed.
452 3667 575 3722 Meibom.

234 3804 262 3868 5)
297 3801 376 3854 Metu.
393 3799 426 3855 de
438 3797 536 3854 l'Aoad.
549 3798 594 3853 dee
608 3793 693 3864 imon!
707 3813 774 3852 eom·
788 3794 823 3850 V.
838 3817 864 3868 p.
882 3797 930 3867 174
945 3809 971 3853 et
988 3813 1045 3870 ης.

237 3937 263 4001 4)
296 3935 336 3989 De
349 3937 413 4003 Περ.
425 3931 500 3987 Vnt,
516 3952 540 4004 7.
556 3949 582 4003 9.
