2894 4700
1122 309 1204 424 295

174 484 281 552 homo
310 485 471 574 nullaque
493 484 603 550 clarus
627 485 755 550 virtute
785 497 890 570 esset,
928 507 999 551 non
1030 507 1203 573 possemus

171 625 242 672 non
274 625 353 669 enm
383 604 495 671 studio
523 604 638 691 aliquo
667 604 850 692 amplecti,·
881 603 1067 690 Sophocles
1088 615 1203 668 autem

175 743 255 788 eum
276 733 346 788 tam
373 724 504 788 honum
531 721 628 808 fecit,
659 733 796 810 tamque
826 743 906 809 erga
936 721 1202 809 Neoptolemum

172 852 205 905 et
217 853 342 906 'nantas
365 841 568 924 humanum,
590 841 716 930 patriae
735 853 816 907 atrae
831 853 864 906 et
883 845 998 929 patris,
1017 839 1114 925 senia,
1133 861 1202 927 qno

171 959 328 1028 caruisset
352 971 420 1026 tam
437 960 515 1048 diu,
536 959 619 1024 adeo
644 961 809 1047 cupidum
831 971 864 1025 et
888 971 1083 1038 amantem,
1106 969 1145 1022 ut
1166 958 1199 1022 ei

171 1077 376 1144 Atridarum
406 1077 477 1144 odii
502 1078 718 1146 acerbitatem
739 1079 834 1144 illam
861 1089 895 1145 et
921 1081 956 1144 in
987 1077 1114 1144 auxilie
1141 1097 1204 1140 auo

168 1193 239 1259 istis
265 1198 416 1283 negando
436 1198 650 1285 pertinaciam
670 1197 742 1266 fere
760 1198 983 1282 ignoscamus.
1027 1196 1113 1275 Quis
1133 1214 1203 1266 nou

169 1315 329 1379 concedat
357 1317 422 1381 hoe
459 1316 604 1383 voluisse
629 1308 791 1402 poetam?
812 1325 871 1377 aut
887 1315 962 1399 quis
982 1335 1052 1378 ann
1077 1333 1203 1398 agnos-

168 1444 221 1496 cat
257 1433 414 1519 plurimis
439 1434 475 1500 iu
493 1433 577 1498 loeis
597 1430 629 1520 ι)
654 1432 871 1498 excellentem
900 1430 994 1495 illam
1023 1429 1204 1517 Sophoclis

167 1551 273 1617 animi
310 1552 502 1635 lenitatem,
533 1573 619 1636 qua,
650 1573 729 1616 cuna
763 1551 799 1616 in
833 1571 993 1616 sensuum
1024 1548 1202 1614 acerbitate

167 1677 202 1733 et
225 1670 437 1734 vehementia
465 1669 687 1755 exprimenda
714 1669 802 1734 nulli
825 1668 989 1732 secundos
1007 1679 1105 1746 esset,
1128 1667 1201 1734 mi-

166 1785 320 1852 rabiliter
346 1785 390 1854 ad
415 1809 455 1853 ea
477 1789 701 1853 attraheretur
724 1786 905 1873 imitanda,
928 1807 1014 1874 quae
1041 1786 1204 1874 singulari

173 1907 319 1990 quadam
334 1909 497 1972 suavitate
513 1917 547 1971 et
562 1905 743 1972 dulcedine
759 1916 984 1993 spectatorem
1001 1909 1132 1974 animes
1144 1907 1207 1972 de·

169 2015 336 2091 lenirent?
358 2025 425 2093 Sed
445 2023 566 2092 leviter
582 2023 733 2112 profecto
749 2025 778 2090 ia
798 2024 975 2112 Sophoclis
994 2039 1103 2092 artem
1125 2049 1204 2113 per-

167 2143 355 2231 spexisset,
379 2144 437 2231 qui
459 2145 589 2229 egregia
612 2143 815 2210 Philoctetae
836 2144 1045 2210 humanitate
1066 2148 1206 2232 exposi-

165 2269 199 2326 ta
218 2261 303 2327 nihil
321 2285 399 2328 eum
426 2263 491 2329 nisi
510 2263 583 2330 irae
596 2263 666 2328 eius
681 2263 893 2351 asperitatem
909 2263 1006 2350 quasi
1031 2276 1206 2350 tempera-

165 2379 364 2444 revaluisse
380 2381 546 2445 crederet:
569 2381 639 2444 imo
661 2382 697 2444 in
712 2381 778 2445 hoo
793 2379 850 2445 ille
867 2380 901 2445 id
919 2380 1135 2468 potissimum
1145 2403 1204 2446 ae-

167 2496 353 2582 quehatnr,
383 2507 421 2562 ut
455 2496 556 2565 etiam
586 2497 710 2583 magle,
734 2517 836 2583 qnam
857 2497 894 2564 in
916 2496 998 2563 odio
1025 2519 1088 2568 auo
1118 2515 1203 2566 con-i
1258 2528 1261 2537 ’

163 2623 256 2680 stans
290 2635 460 2702 quamque
489 2617 649 2704 pertinax
683 2616 832 2680 eiusdem
856 2617 922 2684 viri
944 2619 1076 2683 animus
1097 2631 1201 2703 esset,

168 2745 355 2820 appareret.
400 2733 555 2821 Etenim,
580 2746 760 2822 postquam
791 2757 861 2800 non
890 2737 928 2800 in
941 2736 1113 2823 patriam,
1143 2737 1202 2801 aed

166 2849 309 2916 Troiam
331 2853 374 2919 ad
394 2854 531 2918 Atridas
549 2853 612 2918 sibi
633 2854 915 2940 proficiscendum
946 2875 1016 2920 ease
1040 2875 1085 2918 ex
1114 2855 1202 2920 Nao-

161 2971 320 3056 ptolemo
342 2974 515 3058 cognorit:
538 2972 603 3038 hoc
624 2972 783 3037 omnibns
804 2974 893 3040 vitae
912 2972 1008 3038 iatius
1028 2993 1108 3038 suae
1135 2974 1204 3039 mi-

167 3091 261 3154 aeriia
283 3090 347 3154 sihi
378 3091 458 3156 dicit
487 3114 558 3157 esse
584 3091 758 3176 acerbius,
779 3113 841 3156 nec
863 3093 990 3156 vnlnna
1011 3113 1111 3157 suum
1133 3089 1202 3160 fce-

166 3208 250 3273 dum
280 3209 356 3274 vult
377 3209 505 3295 sanari,
535 3222 568 3276 et
589 3209 734 3296 gloriam
755 3211 894 3298 apernit,
917 3231 1020 3296 qoam
1051 3212 1202 3299 promit-

164 3337 243 3393 tunt
275 3327 325 3413 ei,
369 3327 617 3414 immortalem,
651 3340 685 3396 et
723 3332 850 3416 patriae
873 3330 1045 3415 patrisque
1064 3329 1203 3394 videndi

171 3467 266 3531 spem
289 3469 427 3513 omnem
449 3446 583 3530 abiicit,
605 3459 654 3532 et,
675 3469 757 3512 arcu
778 3449 931 3534 privatus
953 3470 1036 3528 suo,
1056 3448 1100 3512 ab
1116 3445 1202 3512 ieris

164 3563 317 3650 lacerari,
340 3588 445 3653 qnam
479 3565 521 3631 de
544 3565 623 3632 odio
655 3587 717 3631 sao
750 3567 883 3631 mavult
903 3563 1086 3632 remittere.
1128 3567 1202 3632 Nec

168 3697 192 3764 t)
212 3699 317 3761 va²34n
331 3719 386 3768 sqq.
409 3703 469 3769 467.
485 3721 541 3770 sqq·
563 3703 622 3770 ἢὸ.
636 3721 693 3771 aqq.
719 3707 752 3754 ef.
771 3705 830 3759 ὁδὶ.
853 3723 909 3770 sqq.
923 3708 958 3755 ita
988 3706 1080 3770 quihus
1109 3703 1200 3754 Philo·

165 3796 244 3834 ctetea
265 3787 366 3849 egregie
387 3785 421 3836 ad
441 3785 642 3842 commovendos
668 3790 767 3839 animoa
790 3790 967 3838 miserrimum
996 3788 1082 3848 istud,
1098 3791 1126 3836 in
1148 3803 1200 3858 qno

165 3865 259 3917 vixerit
275 3879 329 3916 tam
350 3865 413 3930 diu,
429 3870 565 3920 latibulum
586 3871 664 3937 longa
684 3869 862 3922 conanaddina
884 3869 946 3922 dicit
969 3871 1019 3920 aihi
1044 3869 1140 3918 factum
1157 3883 1200 3918 ea·

165 3963 194 3998 aa
218 3949 400 4015 madantum.
