2876 4704
186 433 224 478 re
241 423 467 512 prementum,
490 420 530 474 ut
545 406 692 488 videtur,
713 424 750 474 ea
768 403 971 497 habuerunt,
994 427 1079 493 quea
1094 410 1135 479 de
1155 409 1221 480 bu·

184 530 236 598 ius
262 528 428 621 poematis
460 525 591 614 origiue
631 537 663 592 et
689 538 807 592 natura
838 537 921 604 tum,
946 524 990 590 ab
1021 526 1219 618 Athenaeo,

183 649 327 716 turneb
355 646 428 712 aliis
458 657 648 714 narrantur.
690 646 781 712 Nam
810 645 1043 730 Philoxenus,
1065 667 1144 712 cum
1178 649 1221 737 cb

185 768 345 832 vitiatam
372 763 528 850 Dionysii
553 762 694 830 amicam
712 766 747 830 in
764 763 964 853 lapicidinas
989 762 1112 830 missua
1128 779 1223 852 esset,

183 885 251 971 ibi,
275 906 344 972 quo
367 881 524 948 iniuriam
562 904 637 948 eam
668 882 908 978 ulcisceretur,
933 885 979 950 ita
1010 884 1221 970 campomis·

175 1019 221 1068 'se
245 1001 428 1090 Cyclopem
451 1003 614 1086 traditur,
639 1016 687 1091 ut,
711 1025 813 1069 suum
833 985 939 1092 ipsius
963 1024 1078 1068 casum
1103 1005 1221 1093 expri-

116 1121 120 1134 “
185 1146 299 1209 mens,
323 1120 482 1212 Cyclopis
505 1145 647 1211 persona
667 1121 876 1210 Dionysium
906 1124 1107 1210 exagitaret,
1140 1123 1221 1189 tibi-

182 1243 293 1308 cinam
318 1241 493 1309 Galateam
519 1241 665 1326 faceret,
688 1241 839 1339 'deniquo
863 1264 938 1306 suas
965 1255 1074 1330 partes
1101 1241 1219 1334 Ulyssi

180 1363 357 1429 tribueret.
393 1358 659 1425 concedendum
677 1370 735 1446 est,
755 1359 790 1424 in
808 1358 860 1422 his
875 1378 936 1424 nos
951 1359 1073 1428 habere
1093 1363 1218 1450 omnia,

181 1503 269 1578 quae
302 1479 422 1542 drama
439 1475 627 1561 satyricum
659 1474 846 1560 efficerent3
879 1497 984 1565 eaque
1018 1479 1218 1548 dramaticae

180 1593 354 1686 poematia
378 1600 520 1654 naturae
537 1588 733 1673 significatio
760 1603 792 1656 et
807 1526 1009 1672 Biltannum
1038 1595 1170 1662 illum
1161 1623 1217 1664 m-

188 1710 310 1794 duxit,
334 1719 370 1772 ut
390 1705 614 1794 „Cyclopem
638 1707 762 1796 dialogi
788 1730 883 1776 more
923 1709 1086 1798 scriptum
1109 1711 1232 1809 fuisse,

188 1841 226 1894 ut
249 1826 437 1916 Sophronis
459 1826 598 1892 mimcs’
600 1827 786 1918 'censeret
811 1829 1220 1900 etEichstaedtiumcom·

186 1949 311 2034 movit,
335 1952 374 2010 ut
391 1949 552 2036 poematis
583 1948 619 2014 in
645 1929 707 2016 illo
731 1948 807 2017 loco
836 1949 1047 2018 mentionem
1081 1941 1215 2022 faceret

182 2068 316 2134 Etenim
339 2065 382 2130 ds
399 2067 512 2132 Attica
532 2069 675 2157 satyrica
700 2071 804 2158 magis
822 2082 854 2136 et
872 2070 976 2156 magis
996 2042 1215 2158 degenerante

182 2187 355 2276 disputans
378 2182 447 2251 Vir
463 2186 722 2275 celeberrimus,
744 2186 904 2274 „factum
930 2189 968 2255 iel
995 2200 1060 2274 est,
1091 2190 1214 2279 inquit,

180 2304 262 2372 vitio
278 2303 419 2369 illorum
436 2319 626 2392 poetarum,
648 2309 706 2397 qui
730 2309 847 2396 poesin
860 2307 1043 2394 satyricam
1062 2328 1081 2373 a
1098 2328 1215 2396 popu·
1211 2287 1225 2304 ’

179 2424 206 2490 li
235 2421 425 2490 celebritate
454 2433 487 2491 et
508 2423 638 2490 lumine
654 2426 784 2490 scenico
807 2429 851 2498 ad
880 2425 1099 2519 umbratilem
1105 2448 1215 2514 opt
1220 2410 1225 2426 ⁸

180 2567 264 2629 nor,
293 2539 573 2639 exercitationem
599 2542 830 2629 scribendique
864 2544 1081 2612 solitudinem
1114 2567 1215 2622 reac-

181 2673 314 2749 carent,
345 2679 490 2746 eamque
514 2660 678 2725 modoad
707 2663 789 2725 artis
814 2633 1078 2750 affectationem,
1110 2655 1217 2741 modo¹

181 2781 224 2846 ad
248 2781 390 2868 impune
415 2778 597 2845 lacessendi
622 2779 839 2868 cupiditatem
867 2780 1098 2868 traducerent,
1130 2760 1213 2851 dri-

179 2912 269 2967 mata
288 2910 526 2988 proponentes,
550 2897 690 2986 legenda
707 2899 911 2988 aequalibus,
934 2920 1003 2966 uon
1025 2898 1104 2968 item
1122 2925 1213 2992 spec·

180 3020 282 3085 tanda
308 3018 344 3084 in
367 3018 514 3084 theatris.
567 3019 683 3108 Atque
701 3040 746 3086 ex
773 3018 838 3086 hoc
856 3041 977 3112 genere
998 3023 1212 3116 maturetiam

179 3139 293 3205 extitit
318 3136 532 3204 Philoxenus
566 3137 767 3226 Cytherius,
783 3111 954 3248 'lascivus
968 3139 1026 3204 ille
1049 3151 1081 3204 et
1096 3111 1221 3210 lurtu-i

179 3259 291 3327 riosus
309 3255 604 3342 dithyramborum
634 3269 751 3346 poeta,
773 3261 831 3348 qui
863 3231 1024 3328 iniuriam
1008 3221 1218 3376 ulturus,⁴

181 3375 391 3464 aDionysio
421 3374 549 3443 maiore
574 3375 635 3462 sibi
654 3375 795 3464 factam,
819 3353 1107 3475 dithyrambicis
1104 3364 1211 3443 sarsi·

179 3499 263 3582 bus,
285 3495 328 3562 ad
358 3493 518 3559 dramatis
541 3495 801 3595 similitudinem
831 3485 1108 3602 conformatis,
1099 3459 1215 3603 apsuiai

181 3593 313 3682 Siciliae
326 3624 510 3704 tyrannum
527 3613 688 3704 Cyclopis
708 3617 847 3684 nomine
863 3614 1103 3702 exagitavisse,
1126 3613 1211 3676 cius·

183 3755 249 3822 que
277 3733 400 3798 amicae
441 3754 619 3820 personam
659 3732 860 3821 imposuisse
898 3733 1058 3800 Galaticae
1083 3748 1215 3816 namn

144 3930 152 3937 ,
181 3847 268 3918 tun’
292 3851 423 3918 Verum
448 3863 580 3939 tamen,
619 3865 657 3918 ut
691 3852 804 3940 priora
829 3853 909 3937 ista,
942 3857 1219 3950 ,propterquod

864 3971 905 4033 ὀί
