2876 4704
1156 259 1212 375 89

184 438 276 506 xime
319 431 482 504 mulieres
527 435 679 502 dolorem
712 451 814 498 suum
855 444 936 498 tuuc
977 433 1213 524 exprimerent.

183 563 299 644 Atque
325 558 384 622 hic
408 556 465 619 nir
479 554 657 622 Boccbicos
684 553 812 637 luctus,
835 552 970 618 insenos
987 552 1084 641 illos,
1108 553 1216 620 elfu-

131 695 134 700 ·
182 679 279 742 iores
305 686 339 740 et
362 673 497 761 phellos
530 685 560 738 st
589 673 709 738 similis
735 673 773 738 in
793 672 943 759 petrium
969 693 1067 738 sustu
1100 674 1215 740 intro·

183 794 335 880 duxerit,
357 796 411 858 vel
435 792 635 880 probaverit,
666 791 762 858 vele
793 791 917 856 finibus
950 791 1023 858 eius
1049 791 1214 858 irruentes

183 933 268 995 non,
309 912 425 998 quovis
448 921 574 998 posset,
601 921 673 976 erte
695 921 729 975 et
762 909 927 995 religione
950 904 1216 999 propulsaverit!

183 1028 280 1110 Quos
305 1053 385 1097 vero
416 1031 457 1096 ‹lo
485 1029 685 1117 Epimenide
716 1049 872 1116 persuasu
906 1029 1146 1114 behemones
1171 1027 1215 1096 ed

180 1172 295 1216 omnes
328 1149 423 1214 illins
446 1151 521 1248 sevi
552 1137 715 1237 sepientes
739 1160 773 1212 et
788 1147 1009 1235 philosophos
1036 1149 1216 1237 pertinent.

178 1269 312 1338 Scilicet
341 1291 413 1334 nou
433 1268 483 1334 illi
502 1281 585 1334 tnnc
600 1268 737 1334 undem
754 1266 815 1332 bes
827 1265 1003 1352 religiones
1027 1267 1217 1336 sttuleruut

76 1417 78 1422 ’
180 1388 217 1453 in
236 1388 440 1474 Graecism3
463 1389 521 1454 sed
542 1389 828 1467 inveneramus,
850 1383 982 1450 sludum
998 1397 1075 1452 ente
1091 1409 1125 1452 se
1141 1385 1216 1454 vul·

181 1508 215 1591 gi
245 1505 483 1592 superstitione
508 1515 654 1590 receptes
695 1514 729 1568 et
764 1512 988 1587 consecretss3
1019 1506 1109 1591 quod
1133 1525 1215 1572 vero

184 1639 316 1712 semper
339 1637 467 1690 secutos
486 1645 556 1689 esse
573 1623 723 1688 Grsecos
741 1620 915 1700 videmus,
944 1630 983 1684 ut
1003 1619 1134 1685 fsbulss
1159 1629 1218 1684 snt

133 1773 135 1780 v
187 1741 270 1804 ritus
294 1742 446 1829 probetne
477 1742 606 1807 civibus
629 1763 698 1807 non
715 1739 785 1806 fere
801 1739 935 1827 penitus
958 1738 1142 1824 reiicerent,
1159 1735 1217 1803 sed

187 1860 402 1926 erationibus
418 1860 486 1926 suis
503 1861 689 1948 prudenter
707 1857 961 1926 conformarent
989 1863 1040 1940 tl:
1063 1855 1097 1923 id
1114 1856 1215 1924 elisur

182 1976 256 2044 illos
284 1992 355 2046 tum
386 1982 422 2046 iu
449 1979 542 2066 vulgi
564 1979 785 2066 religionibus
820 1975 1052 2061 moderandis,
1075 1986 1148 2042 tum
1178 1976 1215 2042 in

181 2099 321 2184 mystice
340 2099 491 2164 doctrino
510 2117 569 2162 seu
597 2097 803 2164 instituenda
833 2095 1118 2164 seuvsmsndsnds
1141 2116 1214 2162 ms·

185 2217 278 2289 xime
304 2219 516 2305 propositum
544 2215 699 2281 babuisse
722 2215 965 2282 existimemus.

286 2336 355 2402 Sed
377 2336 444 2401 iem
476 2336 518 2400 sle
552 2333 697 2400 Homeri
739 2335 830 2421 possi
860 2333 1041 2402 dicendum
1087 2343 1145 2418 est,
1170 2331 1214 2397 sb

178 2450 340 2517 Asiaticis
357 2452 425 2516 illis
448 2465 481 2517 et
498 2450 666 2518 Africanis
690 2451 913 2538 religionibus
935 2453 1144 2520 slienissinss.
1168 2456 1216 2534 α).

180 2568 357 2633 Videlicet
380 2570 445 2636 slis
467 2570 524 2637 ille
543 2581 639 2657 poeto
666 2573 806 2638 numine
825 2571 944 2657 hebet,
970 2593 1055 2658 quse
1071 2572 1216 2638 deornm

177 2684 450 2776 hominumque,
474 2711 560 2775 quae
582 2687 750 2776 fetorum,
774 2713 860 2779 quse
876 2711 1026 2788 morum,
1045 2711 1130 2775 quse
1151 2709 1220 2754 me·

177 2805 212 2870 le
232 2804 380 2893 beneque
416 2805 585 2872 factorum
615 2829 736 2876 curem
754 2820 895 2896 gerunt:
936 2805 1088 2892 Moerus,
1109 2807 1215 2892 Ater,

180 2923 353 3012 Erinnyes
378 2926 434 3015 ὅ),
456 2949 545 3012 non,
568 2939 671 3015 puto,
702 2927 870 2994 faciliores
897 2924 1037 2990 inventu
1069 2927 1218 2993 Naturae

178 3042 257 3128 illis,
277 3043 375 3130 Solis,
399 3045 518 3114 Lunae
538 3047 623 3134 diis3
644 3069 753 3135 neque
772 3045 926 3135 prosectu
944 3044 1146 3131 religionum
1164 3047 1218 3113 iu·

179 3205 204 3278 l)
236 3216 269 3268 cf.
288 3215 407 3268 Vossium
422 3217 517 3271 Virum
536 3219 666 3272 Celeberr-
682 3219 791 3286 Mytbcl.
808 3221 851 3272 ΒΓ.
871 3219 922 3270 Th.
944 3219 979 3270 ll·
1001 3235 1025 3285 p.
1046 3217 1134 3272 123'et
1156 3220 1216 3286 247.
1246 3245 1250 3252 ·

173 3315 231 3365 sqq·
250 3313 276 3352 st
298 3301 447 3352 Creneeril
471 3303 489 3352 1.
510 3315 573 3352 tom.
593 3305 614 3354 1.
633 3321 659 3368 p.
679 3317 739 3353 ειη.

178 3431 204 3494 2)
239 3403 387 3503 Praetereo·
405 3434 499 3497 mults,
531 3449 596 3498 quse
622 3449 655 3486 ex
675 3433 781 3482 Homeri
807 3434 962 3484 carminibus
986 3444 1042 3496 epts
1073 3433 1164 3482 referri
1191 3433 1219 3481 in

174 3512 222 3564 luc
242 3517 388 3578 quaestione
406 3518 518 3581 possint,
536 3532 560 3568 e.
577 3533 601 3580 g.
618 3519 705 3581 plures
720 3515 878 3566 sacrificandi
895 3519 957 3568 ritus
975 3528 1050 3578 etque
1067 3515 1115 3564 slis
1131 3516 1159 3566 iu
1171 3514 1219 3564 ln-

180 3593 295 3647 tororum
319 3599 388 3649 cultu
405 3613 430 3650 et
452 3601 479 3650 in
501 3600 606 3664 magicis
631 3595 726 3650 ortibus
743 3611 957 3650 commemorata.

174 3721 205 3788 ὅ)
237 3723 372 3794 Erinnyss,
389 3731 459 3796 quud
474 3731 583 3797 dignum
605 3729 783 3780 observatione
796 3741 841 3788 eet,
857 3728 907 3779 buc
924 3741 1020 3778 nomeu
1038 3728 1165 3791 occepisse
1193 3729 1220 3776 in

174 3807 287 3861 Areedis
305 3808 431 3875 dicuntur,
449 3813 566 3872 (Persen.
583 3809 656 3860 Vlll.
676 3826 702 3875 p·
715 3809 782 3880 649.)
800 3808 890 3860 erdem
905 3811 1016 3869 interra,
1034 3824 1112 3872 ques,
1130 3820 1157 3858 nt
1173 3824 1221 3858 en·

174 3893 349 3958 tiquissimum
370 3908 395 3947 et
415 3910 548 3947 summum
568 3891 665 3954 doum,
682 3889 749 3943 Pons
769 3891 877 3943 colebat.
