2902 4704
1118 302 1196 377 '121

168 463 240 551 sis,
263 463 287 532 ii
303 485 420 533 omnes
436 473 493 530 sut
513 460 687 550 praeterita
706 458 748 526 ad
764 461 919 546 tempora
937 457 1113 551 pertinent,
1130 469 1202 558 ως

173 587 271 652 sicuti
291 584 417 652 Iisertii
434 583 504 668 ille,
523 603 559 646 ss
575 581 902 667 significantqaibua
927 579 1116 648 Pisistratus
1129 586 1199 654 iam

174 705 323 793 apertius
346 724 446 790 agere
466 702 642 789 coepisset3
667 697 865 764 Plutarchus
892 719 975 764 vero
997 697 1093 766 claris
1118 727 1202 773 ver.

178 822 250 907 bis,
272 822 457 908 eodemque
489 819 671 907 incapite,
693 818 854 884 Solonem
878 829 960 890 tunc
987 818 1025 882 in
1051 825 1201 894 maxim.

176 943 268 1028 apud
293 963 407 1006 omnes
431 939 659 1006 aestimatione
688 935 790 1003 fuisse
821 936 909 1002 dicit.
952 937 1007 1002 Ac
1039 940 1081 1005 ds
1109 945 1202 1012 Pisi..

175 1071 283 1124 strato
308 1061 573 1147 Kenngiesserus
601 1058 647 1124 ita
673 1053 824 1139 disserit,
847 1067 885 1119 ut
913 1075 991 1121 eum
1010 1059 1204 1149 etineptia.

176 1181 302 1247 simum
347 1179 522 1266 hominem
569 1188 602 1242 et
638 1173 910 1259 indignissimum
957 1173 1074 1242 iaciat
1107 1177 1205 1262 Quid

176 1291 294 1364 enim?
317 1297 344 1362 si
361 1297 540 1385 Thespidis
558 1295 752 1361 effrenatam
776 1290 873 1355 istem
911 1292 947 1360 in
980 1293 1103 1363 Solone
1121 1287 1211 1368 irri..

177 1418 288 1483 dendo
326 1417 501 1482 audaciam
524 1412 582 1478 ille
604 1435 673 1476 nou
699 1405 879 1474 adiuvisset
897 1410 1017 1495 modo,
1040 1415 1096 1480 ssd
1111 1421 1207 1486 exei-

175 1547 294 1603 tasset:
318 1554 433 1598 nonus
458 1532 551 1595 herne
579 1529 612 1593 id
631 1539 706 1592 tum
723 1525 953 1592 audivisse'ab
976 1529 1068 1617 aliis,
1091 1555 1206 1604 semu.

177 1654 222 1719 lis
253 1651 366 1734 illius,
388 1661 461 1712 tum
484 1645 580 1712 facile
613 1647 820 1734 perspexisse
847 1646 960 1733 ipsum
993 1652 1204 1743 putabimus,

179 1772 296 1836 virum
322 1772 354 1832 et
371 1787 484 1830 rerum
505 1765 744 1852 peritissimum
766 1777 881 1830 ettam
902 1785 1065 1854 sagacem,
1085 1782 1125 1836 ut
1140 1773 1207 1860 pri.

178 1909 254 1954 mus
277 1885 442 1971 omnium,
466 1907 533 1972 quo
559 1885 733 1952 tenderent
749 1884 911 1952 Pisistrati
930 1887 1078 1974 consilia,
1104 1912 1207 1976 prae·

75 2083 77 2092 s
179 1999 338 2076 videret?
361 2005 433 2069 Nec
461 2027 541 2070 sero
568 2003 641 2088 hic,
664 2003 859 2090 praesertim
888 2003 954 2068 illis
977 2011 1212 2097 temporibus‚·

180 2125 312 2192 iniuriis
343 2124 503 2189 lacessere
535 2123 718 2209 Solonem,
748 2122 805 2188 sed
837 2123 923 2188 ei-se
938 2121 1086 2212 probare
1105 2153 1210 2216 quam

64 2307 66 2310 .
177 2245 327 2314 maxime
351 2243 781 2331 studebat38010nautem,
806 2243 908 2308 modo
933 2245 1128 2322 dominandi
1145 2271 1208 2328 eu<

177 2365 259 2454 pido
284 2364 389 2430 eximi
411 2364 462 2426 illi
484 2375 614 2449 posset,
637 2385 706 2427 nou
732 2383 800 2428 esse
821 2373 1031 2450 quemquam
1058 2387 1099 2431 en
1130 2383 1211 2432 ma-

176 2485 226 2571 gis
264 2483 305 2549 ad
333 2485 493 2549 virtutem
530 2479 679 2567 factum,
711 2462 819 2565 neque
854 2481 1029 2548 meliorem
1067 2485 1208 2571 cogitari

178 2625 274 2689 posse
297 2602 405 2667 civem
436 2597 613 2664 iudicabat.
656 2599 772 2684 Atque
796 2597 887 2664 huno
913 2601 1030 2668 virum
1067 2604 1209 2672 suasisse

178 2720 364 2807 Thespiai,
406 2731 443 2784 ut
470 2717 611 2784 ridicule
648 2716 809 2782 Solonem
847 2717 949 2781 talem
979 2721 1207 2808 exprimeret,

181 2839 288 2925 qualis
314 2839 516 2926 aliqnando,
542 2835 700 2923 quoniam
723 2837 758 2900 id
784 2833 973 2900 conducere
996 2839 1120 2926 patriae
1149 2840 1204 2908 vi·-

180 2958 297 3042 debat,
321 2958 476 3022 simulata
500 2953 627 3022 insania
652 2954 792 3042 ipsoque
813 2953 995 3020 adiuvante
1026 2957 1208 3047 Pisistrato,

178 3077 264 3143 cives
282 3099 359 3142 cum
379 3076 496 3164 capitis
514 3073 676 3161 periculo,
693 3073 734 3139 ad
748 3076 1015 3162 'recuperandam
1033 3077 1210 3146 ‘Salamina

180 3188 379 3262 excitasset?
405 3200 437 3280 r)
460 3193 632 3280 indignius
649 3195 712 3258 hoc
729 3206 879 3260 sumtum
903 3205 968 3278 est,
991 3218 1092 3284 quam
1120 3199 1217 3285 quod

179 3316 285 3401 longa·
307 3313 532 3402 disputatione
552 3311 745 3378 refellatur!
768 3295 840 3388 Nec
862 3335 944 3380 vero
963 3337 1113 3403 unquam
1133 3314 1212 3382 Plu·

178 3433 313 3498 tarchus
336 3433 424 3498 inter
448 3431 609 3497 Solonem
636 3443 669 3498 et
695 3431 899 3499 Pisistratum
917 3432 1067 3521 aliquam
1097 3447 1209 3499 ortam

174 3523 249 3614 'esse
282 3553 486 3618 simultatem
521 3549 644 3634 refert3
685 3550 741 3615 sed
771 3551 870 3618 illum
892 3574 1025 3640 semper
1050 3553 1095 3616 ita
1131 3551 1212 3618 huic

178 3667 342 3736 studuisse
378 3671 476 3757 dicit,
506 3679 546 3736 ut
580 3669 684 3736 'etiem
731 3683 919 3758 tyrannum
954 3669 1104 3759 factum,
1146 3671 1219 3739 sita
1251 3723 1254 3730 f

182 3923 209 3990 r)
241 3921 371 3978 Plutarch.
388 3941 414 3978 v·
431 3925 520 3979 Salon·
534 3928 560 3982 8.
