2876 4704
1129 343 1202 401 101
1296 402 1299 412 ,

176 515 258 560 vero
290 491 349 558 din
377 487 604 577 dithyrambis
621 498 654 553 at
670 459 848 574 tragoddiis
880 485 1046 554 Bacchum
1074 489 1211 577 potissi-

177 634 275 680 murn
321 609 585 674 celebraverant:
621 606 775 672 homines
811 605 881 692 illi,
926 609 1052 694 patriae
1085 609 1212 694 gioriaa

178 741 280 817 atque
298 727 444 792 heroum
470 747 609 790 suorum
632 723 880 811 studiosissimi,
904 723 990 790 nihil
1008 745 1042 792 ae
1059 725 1214 790 detrahe-

178 835 305 936 redeo
335 832 587 927 existimarunt,
618 843 645 908 si
668 841 805 909 illorum
835 844 877 909 ad
907 845 1109 910 memoriam
1148 867 1218 940 au·-

181 963 328 1050 geudam
357 961 426 1026 eius
457 961 612 1026 adhibere
653 961 800 1028 honores
841 975 1053 1029 conarentur.
1097 963 1214 1060 Atque

175 1084 247 1146 eius
273 1079 324 1145 rai
348 1078 545 1165 exemplum
573 1091 702 1144 eertum
731 1078 870 1148 Adrasti
903 1083 1025 1147 choros
1049 1081 1125 1148 iilos
1142 1093 1215 1146 tra-

173 1205 264 1288 gicos
290 1197 473 1283 habemus;
496 1198 643 1284 itemque
673 1193 840 1286 Epigenes
863 1201 1051 1286 tragoedias
1077 1223 1147 1266 non
1174 1203 1223 1267 in'

156 1293 346 1386 *Bacchum
370 1313 502 1400 fecisse,
527 1317 584 1382 sed
618 1317 655 1382 in
692 1319 812 1384 heroes
843 1321 987 1386 videtur.
1034 1321 1213 1384 Memora-

170 1437 239 1504 bile
265 1445 315 1502 est
346 1457 441 1520 vero,
468 1435 562 1521 quod
588 1445 621 1500 et
648 1433 703 1499 hio
736 1449 832 1522 poeta
858 1431 1037 1523 Sicyonius
1072 1449 1213 1505 vocatur

172 1568 206 1620 et
230 1555 347 1622 eedem
372 1553 411 1618 in
426 1551 511 1618 urbe
540 1553 678 1618 Adrasti
699 1553 752 1620 illi
777 1545 872 1620 chori
894 1554 1093 1622 edebantur.
1138 1557 1215 1622 Sei·

172 1672 253 1736 licet
282 1672 363 1735 haee
395 1672 467 1759 ipsa
514 1669 617 1736 fuisse
648 1672 747 1737 rausa
764 1675 918 1756 videtur,
951 1695 1013 1737 cur
1052 1671 1215 1760 Sicyonii,

183 1786 242 1874 qui
266 1786 369 1875 primi
401 1791 442 1856 ad
462 1789 608 1854 heroum
638 1812 731 1856 ossus
774 1791 981 1878 tragoediam
1022 1790 1217 1866 conuertis-

178 1919 266 1994 sant‚
306 1929 446 1977 amore
470 1908 690 1996 Antiquitatia
714 1933 752 1978 se
779 1911 948 1978 insanisse
985 1929 1058 1975 eam
1083 1909 1216 1996 gloria-

176 2039 303 2094 rentur.
345 2027 448 2108 Quod
484 2022 645 2114 quonian
674 2033 773 2095 etiam
804 2043 887 2096 tuno
916 2027 1099 2113 faciebant,
1130 2051 1212 2096 oum

175 2151 324 2213 maxime
354 2139 472 2212 Attioa'
491 2144 630 2212 'floreret
646 2148 840 2234 tragoedia:
871 2159 946 2214 tum
977 2147 1014 2213 ia
1046 2149 1121 2214 aliis
1147 2148 1208 2215 ali·

175 2289 275 2352 qnam
298 2267 386 2332 inter
401 2277 580 2352 utramque
603 2266 824 2333 intercessisse
846 2267 1101 2334 similitudinem
1131 2265 1209 2334 ool-

175 2385 330 2473 iigim'us,
351 2396 424 2448 tum
450 2385 625 2469 Sicyoniae
643 2387 841 2470 tragoediae,
871 2385 1025 2474 lyricae„
1045 2385 1125 2453 item
1152 2396 1206 2449 rt-

173 2519 241 2591 qua
271 2501 441 2585 Ardeae,
480 2501 697 2590 dramaticaa,
749 2505 887 2594 Satyros
922 2503 1096 2570 adiunctos
1121 2501 1208 2570 fuis·

174 2643 210 2686 se
237 2617 447 2684 couiioimus.
474 2617 588 2698 ‘Quae
611 2620 806 2688 coniecturr
822 2636 948 2690 tantam
971 2622 1071 2688 habet
1110 2629 1206 2689 veri·

173 2735 453 2816 similitudinem,
475 2749 513 2802 ut
531 2737 635 2806 modo
658 2761 728 2806 nou
750 2743 853 2828 possit
870 2765 934 2830 pro
953 2741 1091 2808 veritate
1113 2739 1209 2825 pouit

172 2859 224 2924 Es
256 2855 347 2922 enim
383 2856 547 2923 institutio
586 2867 620 2922 et
659 2861 768 2924 omnis
793 2859 955 2926 &octrici
985 2855 1097 2932 ruitur
1143 2879 1212 2922 ra·-

172 2977 284 3050 tione·
307 2975 487 3060 probatur,
516 2997 592 3090 ounq
623 2977 753 3066 Satyris
796 2975 1070 3062 coniunctissimi,
1091 2987 1125 3042 et
1153 2975 1197 3042 ab

172 3093 360 3162 Aristotele
390 3093 617 3182 significatur,
649 3099 797 3166 Atticam
827 3097 1044 3184 ‘tragoediam
1074 3117 1119 3162 ex
1152 3117 1208 3162 aa·

173 3213 284 3298 tyrico
308 3231 433 3298 genere
461 3225 573 3280 uatem
592 3237 661 3282 asse
684 3217 828 3304 direnti,
855 3230 888 3282 et
910 3225 1062 3283 maxime
1086 3217 1207 3302 dithy-

173 3332 373 3400 ramborum
395 3331 575 3416 probabilis
590 3335 992 3420 redditur'simiiitudine,
1013 3349 1050 3400 ut
1068 3336 1213 3424 quibus,'
1262 3329 1264 3334 ’

83 3425 91 3436 ’
175 3449 289 3516 itidem
319 3452 362 3517 ad
391 3450 510 3518 heroes
535 3451 702 3518 aBacoho
734 3453 892 3538 deflexis,
924 3465 1038 3542 poetas
1078 3455 1206 3532 adiuu-

178 3565 267 3634 uisse
281 3569 419 3658 Satyros
436 3569 588 3659 legimus.
630 3571 704 3637 Neo
731 3595 815 3639 vero
847 3573 959 3661 magni
978 3573 1015 3640 id
1045 3593 1206 3638 momon-

176 3790 333 3856 saepiusque
367 3797 481 3862 positum
510 3815 559 3864 pro
590 3798 636 3846 ilio
666 3811 737 3857 essa,
762 3795 980 3846 verisimillimum
1017 3793 1127 3848 videtur.
1169 3794 1205 3844 of.

180 3871 267 3923 Schol.
289 3871 352 3927 rut:
375 3897 451 3943 supra
478 3879 611 3932 laudatum
637 3889 663 3927 st
681 3878 765 3930 Bentl-
794 3879 814 3928 l.
833 3880 853 3930 l.
883 3897 910 3946 p.
939 3879 997 3930 522.
1018 3895 1093 3944 sqq„
1115 3876 1156 3926 eui
1177 3877 1207 3924 iu

174 3953 224 4004 hoo
250 3955 309 4008 loco
328 3959 402 4025 plane
424 3965 588 4012 assentimur·
1246 3973 1248 3980 ’

735 4125 750 4170 Ι
