2894 4700
1131 273 1214 360 215

174 469 292 530 annau
317 445 381 512 alia
402 445 473 513 eiua
498 456 599 534 atquo
621 435 771 514 Voltarii
795 443 900 512 fuerit
937 447 1095 514 conditio.
1140 449 1214 516 Sot-

175 568 255 635 licet
271 564 533 654 Shakeapeariua
555 586 573 634 e
590 563 820 634 recentiorum
836 567 935 632 rebua
958 588 1053 634 suam
1071 588 1216 654 expres-

175 687 219 753 ait
244 683 397 752 fabulam
421 696 454 750 et
475 684 518 750 ad
535 683 743 752 cothurnum
767 685 935 754 confinxit
952 683 1103 774 primaa3
1125 684 1217 754 Vol·-

175 804 281 871 tariua
303 825 400 868 auam
424 804 553 892 accepit
595 801 843 876 conformatam
858 826 899 876 Aa
922 805 1126 890 «veteribus,
1157 805 1230 892 qut·

99 993 103 1000 ,
175 933 285 1009 recta,
322 923 463 1010 opinor,
494 903 950 1010 omoes'clytoemneatram
977 923 1081 992 etiam
1118 924 1215 1010 peius

162 1041 280 1127 agisse
307 1041 492 1128 Aegistho,
522 1063 585 1108 nec
609 1040 738 1110 leviore
762 1020 972 1110 alliciendam
1002 1065 1073 1110 erae
1106 1065 1217 1132 poena

172 1159 385 1228 cenauiaaeot.
412 1164 453 1244 a)
498 1159 613 1242 Quare
629 1161 837 1228 acerbiorem
861 1161 999 1247 quidem
1024 1162 1213 1249 Voltarica

173 1278 426 1347 ordinatiorem
452 1277 581 1348 fecisset
603 1278 748 1346 deorum
772 1280 1001 1366 voluntatem,
1028 1281 1058 1346 ai
1081 1282 1123 1346 ab
1147 1281 1214 1348 illio

174 1396 341 1486 exemplis
382 1398 452 1478 auia
488 1421 560 1464 non
594 1395 802 1484 deceasiaact;
830 1397 1087 1468 excusationem
1129 1421 1212 1466 vero

172 1517 256 1590 eiua,
278 1514 467 1586 acerbitatis
484 1511 582 1580 facile
603 1516 675 1602 ipsa
700 1515 781 1580 artie
802 1535 882 1580 auae
905 1515 1108 1602 praestantia
1124 1527 1211 1583 esset

172 1644 359 1718 assecutus,
382 1632 536 1700 moribus
568 1633 735 1700 nimirum
759 1645 792 1700 et
822 1633 959 1720 ingenio
977 1633 1212 1724 Clytaemnes·

171 1762 244 1818 trae
276 1749 373 1817 aliter
397 1762 498 1840 atquc
531 1773 624 1819 nunc
661 1762 761 1838 aunt,
785 1751 1015 1821 contar-matis.
1040 1775 1044 1789 ·
1069 1752 1208 1818 Verum

173 1871 258 1940 haec
278 1889 402 1957 anceps
432 1883 483 1936 eat
505 1881 607 1958 etque
632 1870 780 1942 invidiae
802 1872 903 1962 plena
937 1873 1107 1959 quaestio,
1131 1893 1217 1938 uam

171 1991 259 2083 (ataid¹
281 1987 459 2078 perfectius
475 1990 605 2056 institui
628 2015 648 2058 a
665 2013 789 2078 magno
806 1991 921 2080 aliquo
945 1989 1070 2056 artifice
1087 2001 1209 2076 potua·

107 2129 111 2138 ·
170 2111 235 2179 rit:
258 2132 363 2198 quare
385 2109 456 2176 iam
473 2109 660 2177 recedimus
682 2111 725 2178 ab
752 2111 809 2197 iia,
823 2132 920 2197 ¹quaa
937 2109 1114 2178 Voltarius
1132 2131 1202 2198 po-

171 2230 290 2296 tuisset
334 2227 460 2315 facere,
492 2239 525 2294 et
551 2230 593 2295 ad
618 2251 658 2296 aa
682 2253 743 2298 noa
768 2229 1001 2301 convertimus
1028 2231 1211 2316 inquiran-

173 2347 243 2432 da,
268 2369 354 2434 quaa
369 2345 450 2412 fecit
464 2347 522 2414 ille
540 2347 574 2412 in
592 2349 892 2417 deorumauorum
911 2346 1060 2436 partibus
1079 2349 1213 2414 instru-

172 2465 279 2537 endis.
322 2467 457 2548 Atque,
491 2483 569 2529 cum
592 2465 684 2550 apud
699 2465 905 2549 Sophoclem
932 2466 980 2532 dii
1012 2466 1209 2552 simpliciter

173 2580 330 2650 Orestem
356 2580 436 2648 dolo
467 2580 581 2648 ulcisci
603 2581 784 2670 parricidae
801 2583 968 2668 iusserint,
992 2586 1083 2672 apud
1118 2585 1210 2652 Vol-

102 2683 109 2692 *
172 2700 299 2769 tarium
325 2711 510 2768 vetuerunt
530 2700 631 2766 illum
656 2700 830 2786 Electrae,
852 2701 979 2783 sorori,
1006 2702 1082 2787 quia
1110 2715 1209 2788 areat,

118 2839 120 2844 ·
172 2820 317 2910 aperire.
357 2822 449 2908 Apte
481 2819 518 2884 id
547 2841 609 2910 per
635 2819 847 2906 sequidem,
880 2818 916 2884 ia
942 2819 1093 2898 mirabili
1133 2822 1209 2907 iata,

173 2959 278 3028 quam
307 2937 486 3006 Voltariua
516 2939 639 3027 finxit,
669 2937 813 3026 virginit
836 2938 1114 3028 intemperantia3
1146 2941 1207 3009 aed

173 3058 320 3144 Orestes,
346 3058 437 3144 quod
456 3067 586 3148 poterat
602 3057 812 3146 praevideri,
834 3069 974 3126 naturae
998 3070 1099 3146 atque
1121 3059 1210 3125 iosi-

172 3177 201 3244 ti
235 3177 362 3244 amorio
389 3176 499 3244 victua
524 3177 756 3264 vehementia,
769 3172 773 3178 ”
786 3178 931 3247 vetitum
950 3177 1037 3276 illprl
1074 3177 1211 3265 negligit

174 3309 275 3386 atqua
308 3297 463 3362 Electrae
489 3317 524 3362 ae
549 3297 620 3364 eiua
649 3295 790 3366 fratrem
823 3319 892 3364 eoae
915 3296 1069 3362 declarat.
1112 3296 1210 3362 Num

177 3416 279 3502 quid,
301 3417 338 3482 in
357 3416 421 3482 hoo
441 3415 568 3484 scotori
590 3408 681 3482 erat?
705 3437 791 3480 num
807 3414 889 3502 quid
905 3415 1083 3502 eiusmodi,
1105 3416 1209 3504 quod,

173 3535 393 3621 condicam,
421 3551 540 3601 severo
560 3533 745 3622 supplicio,
767 3534 843 3618 aed,
869 3533 962 3619 quod
985 3557 1095 3621 poena
1119 3547 1206 3602 earet

174 3650 481 3740 atiaafficioadum,
498 3653 564 3720 nisi
580 3675 630 3738 et,
651 3675 739 3740 quae
755 3677 800 3722 ex
818 3652 913 3718 malie
931 3653 1088 3738 oriretur,
1107 3652 1206 3718 Elec-

175 3888 203 3971 ι)
217 3907 250 3958 os.
262 3904 369 3962 Ariatot.
381 3923 447 3974 poet.
463 3907 537 3960 xlv.
553 3925 596 3963 ιο.
