2876 4704
261 298 316 390 58

261 475 307 544 do
345 477 521 552 effectum:
559 495 737 574 postquam
780 505 799 552 e
829 484 938 574 lyrica
979 486 1072 576 poesi
1112 484 1286 554 dramatiou

170 699 173 709 Ι
265 597 416 683 prolecta
441 616 543 688 earet,
567 603 663 667 illam
688 624 823 690 quoque
851 606 978 693 ipsam,
1000 617 1039 671 ut
1063 605 1183 672 assolet
1207 605 1287 692 steri,

263 715 512 804 aliquantulum
540 743 607 787 ease
628 720 851 786 immutatam.
896 724 1052 812 Etenim,
1077 745 1289 814 quaeeunque

266 836 322 904 vel
347 821 485 928 eogitari
508 850 540 904 et
559 820 644 923 diei,
667 838 722 904 rel
744 839 819 904 caui
841 852 872 904 et
888 841 1002 906 saltari
1037 845 1137 933 digne
1162 859 1196 911 et
1213 865 1289 933 gra·

264 956 351 1024 riter
381 968 553 1044 poterant,
576 978 611 1021 ea
642 958 749 1022 multa
765 980 826 1045 per
842 960 972 1024 saeoula
991 971 1066 1026 tum
1092 977 1210 1050 poetae
1227 963 1290 1028 ianr

266 1074 476 1162 protulerant
492 1076 629 1160 omnia,
652 1088 728 1144 tum
756 1077 797 1143 ad
824 1077 1008 1142 satietatem
1037 1099 1145 1164 usque
1171 1083 1290 1168 vulgus

262 1191 444 1258 audiverat.
489 1194 578 1260 Cum
612 1217 695 1261 vero
729 1217 863 1310 omnes·
880 1196 1051 1260 cantiones
1091 1197 1170 1262 illue
1195 1212 1293 1284 atque

260 1307 470 1396 saltationes,
493 1325 532 1378 ut
561 1313 688 1382 dictum
714 1336 817 1402 supra
839 1326 903 1396 est,
934 1335 1012 1379 eum
1039 1315 1226 1382 imitatione
1263 1330 1295 1382 et

260 1426 391 1499 actione
414 1431 560 1522 quadam
582 1433 780 1530 coniunctae
799 1447 924 1502 essent:
948 1431 1028 1502 haee
1052 1434 1089 1500 in
1114 1455 1201 1501 nora
1225 1447 1293 1500 arte

261 1557 340 1616 tara.
364 1547 530 1638 perfecta,
566 1564 703 1642 tamque
741 1555 944 1640 praecellens
986 1567 1076 1640 erat,
1120 1565 1158 1620 ut
1192 1554 1294 1643 lyrici

262 1678 392 1755 poetae,
416 1692 458 1738 ne
474 1689 554 1762 prae
576 1694 614 1737 ee
634 1671 698 1759 ipsi
716 1669 876 1758 languere
897 1676 1107 1760 viderentur,
1130 1697 1200 1740 non
1216 1697 1291 1762 pos·

264 1798 338 1854 sent
362 1812 451 1876 non,
482 1793 642 1856 varietate
668 1801 701 1853 et
724 1790 909 1854 imitatione
933 1805 1039 1875 aucta,
1062 1794 1131 1856 ouis
1155 1816 1292 1878 quoque

263 1906 426 1990 poematia
450 1908 601 1993 vigorem
617 1906 784 1992 quendam
799 1921 898 1994 atque
917 1907 1023 1974 vitam
1039 1927 1162 1971 novam
1177 1906 1295 1969 intun-

263 2023 353 2091 «tare.
380 2029 413 2107 t)
436 2025 551 2112 Itaque
568 2025 682 2112 ipsum
707 2025 900 2108 Pindarum,
924 2024 1053 2089 etiamsi
1070 2021 1199 2086 *veteris
1221 2041 1293 2084 mo·

263 2144 311 2208 rle
319 2143 580 2210 studiosissimus
588 2158 809 2232 ,esaetmmen
828 2146 955 2210 maiore
970 2153 1086 2209 marte
1102 2161 1171 2226 suo,
1189 2161 1292 2226 quam

262 2260 432 2334 Alcaeum
448 2276 481 2332 et
498 2263 635 2352 Sappho
653 2285 753 2329 urum
767 2285 836 2329 esse
850 2262 1004 2327 libertate
1020 2261 1172 2348 legimus,
1197 2267 1232 2341 a)
1257 2269 1292 2326 et

182 2363 184 2368 ⁵
266 2381 410 2452 similem
437 2385 472 2448 io
497 2383 601 2448 nomo
627 2383 848 2452 mutationem
867 2381 990 2448 factam
1021 2403 1091 2447 esse
1121 2378 1293 2466 imprimis

264 2520 310 2570 ert
337 2523 376 2566 eo
402 2499 566 2589 efficitur,
591 2503 703 2592 quod,
724 2525 826 2592 quem
853 2501 1111 2590 Chrysothemi·
1127 2500 1295 2587 .aliquau-‘

265 2618 310 2690 do
343 2618 436 2686 solua
461 2621 657 2707 'cecinissem
688 2623 791 2690 deum
815 2623 983 2690 imitatus:
1022 2645 1062 2688 eo
1101 2616 1297 2686 Aristotelia

267 2749 372 2804 aetate
401 2753 518 2827 poetae
548 2754 607 2807 aut
632 2743 797 2829 meliores,
834 2765 938 2830 quem
974 2752 1098 2821 essent,
1120 2735 1297 2821 homines,

267 2870 324 2922 unt
352 2879 466 2947 parea,
499 2871 557 2925 aut
586 2861 716 2952 peiores
744 2859 1047 2949 repraesentabant.
1069 2857 1102 2941 3)
1148 2855 1297 2921 Eadem·

268 2999 334 3062 que
359 2979 583 3068 philosophus
618 2982 661 3046 de
684 2979 904 3067 dithyrambo
929 2975 1053 3060 refert,
1089 2995 1190 3060 quem
1215 2997 1299 3042 cum

267 3085 335 3162 iam
364 3098 422 3163 diu
445 3121 516 3164 non
548 3101 581 3164 in
607 3099 777 3164 Bacchum
800 3099 932 3180 solum,
955 3094 1064 3158 sedin
1081 3115 1198 3158 ornnes
1224 3092 1299 3159 fere

270 3216 350 3284 deos
373 3229 407 3284 et
432 3217 550 3285 heroes
574 3216 744 3283 fecissent:
767 3238 810 3282 ne
832 3213 947 3280 laudes
965 3222 1023 3275 aut
1054 3214 1185 3274 easdem
1203 3233 1299 3275 sem-

269 3357 350 3424 per,
373 3349 431 3402 aut
458 3337 576 3402 eodem
600 3322 703 3402 modo
722 3344 926 3423 repeterent,
952 3329 1133 3398 Philoxeni
1160 3340 1301 3416 tempo·

268 3454 368 3546 ribus²
380 3467 509 3544 poetae,
526 3468 566 3522 ut
582 3455 814 3533 videtur‚eum
831 3453 878 3518 aio
893 3450 1119 3532 instituebant,
1137 3458 1174 3512 ut
1188 3469 1231 3510 ex
1242 3447 1302 3512 dei

204 3601 207 3607 Ι
272 3626 296 3691 1)
329 3647 355 3678 v.
378 3629 474 3682 Athen·
489 3627 620 3696 deipn.de
644 3627 745 3680 Pratina
769 3640 795 3680 et
813 3628 907 3694 tragico
931 3637 956 3674 et
976 3621 1200 3710 hyporehematiro
1222 3635 1304 3688 poeto

271 3727 295 3778 p.
309 3708 368 3778 617.

236 3901 239 3915 Ι
270 3831 296 3888 al
329 3829 433 3896 Dionya
450 3829 505 3880 Hal
519 3827 748 3894 decompverbb.
765 3846 791 3894 p.
807 3823 867 3880 262.
881 3823 1049 3878 ettennon
1070 3823 1123 3878 tt
1138 3819 1220 3890 pia·

272 3957 297 4024 3)
330 3958 400 4012 Poet.
417 3959 450 4012 II.
471 3959 497 4012 li.
