2876 4704
233 321 284 408 90

232 484 284 538 ter
304 474 475 540 universas
490 485 603 560 gentes
626 484 658 537 et
676 470 840 558 originem
875 485 907 538 et
932 495 1145 561 progressum
1172 499 1256 545 ccu-

231 592 390 658 siderauti
412 592 498 658 mihi
523 613 590 657 esse
611 590 759 656 dubium>
786 591 940 672 videtur,
963 594 1044 679 quin
1074 596 1167 680 prius
1190 596 1258 662 ho-

232 712 338 777 mines
362 733 464 793 cane,
489 709 607 792 hirco,
630 710 745 794 asino,
768 709 897 794 phallu,
920 713 1060 776 rudibus
1076 686 1274 780 conatibuel

231 829 487 917 procreatricem
506 827 578 893 vim
598 827 749 892 Naturae
766 829 1002 913 expresserint,
1019 853 1122 916 quam
1136 853 1260 920 euper-

232 949 396 1032 venireot,
419 958 457 1012 ut
483 947 524 1011 ad
542 967 659 1034 pacem
675 945 927 1033 quodammodo
942 946 1130 1034 laetamque
1150 951 1260 1016 socie-

232 1075 332 1131 tatem
343 1074 514 1129 revocatos
530 1064 607 1129 deas
627 1063 661 1128 in
678 1065 773 1128 lovis
790 1066 915 1148 regiam
936 1067 1260 1150 epulatumdeduce·

230 1195 316 1267 rent,
339 1203 474 1268 eosque,
496 1204 576 1247 cum
594 1181 738 1256 Homeri
756 1183 871 1251 festiva
900 1184 1060 1268 elegantia
1076 1186 1157 1249 tales
1175 1208 1260 1250 con·-

231 1299 436 1387 formarent‚
478 1303 561 1388 qui,
593 1303 639 1368 ab·
664 1300 873 1367 immanitate
905 1300 1046 1368 barbara
1074 1301 1107 1366 iu
1131 1315 1262 1388 gratem

232 1417 412 1487 hominum
436 1419 571 1486 adducti
602 1421 901 1507 consuetudinem,
934 1432 1007 1484 tum
1041 1420 1133 1504 vulgi
1158 1443 1259 1508 prae·

232 1537 322 1604 clare
348 1539 450 1606 vitam
479 1552 631 1626 regerent
655 1551 687 1604 et
722 1540 931 1625 emollirentg
961 1552 1036 1606 tum
1061 1539 1260 1604 cultioribus
1296 1581 1297 1584 =

231 1658 390 1746 ingeniis,
414 1660 508 1748 quasi
528 1681 664 1747 poeseos
682 1659 778 1746 signa
794 1671 827 1724 et
843 1661 1065 1726 instrumenta
1082 1658 1259 1745 quaedam,
1321 1670 1323 1688 ·

231 1777 267 1842 in
294 1771 548 1864 cogitationibus
577 1779 645 1842 suis
678 1778 892 1862 inventisque
934 1777 1137 1842 inservirent
1164 1777 1260 1844 docta

233 1904 266 1959 et
291 1896 370 1959 scita
387 1894 609 1960 enuntiandis.
868 1977 870 1980 y

334 2011 407 2077 Nec
423 2035 503 2106 vero
521 2011 663 2077 omniuo
688 2011 731 2078 de
755 2011 808 2077 his
837 2022 925 2076 recte
957 2009 1136 2097 quisquam
1163 2031 1260 2098 posse

232 2120 379 2196 iudicare
410 2132 565 2212 videtur,
589 2130 653 2194 nisi
680 2130 750 2216 qui,
773 2141 937 2216 quantum
961 2125 1153 2194 interfuerit
1173 2129 1260 2195 inter

181 2277 184 2284 ¹
235 2245 389 2314 Jonicam
415 2261 446 2314 et
473 2226 638 2338 Doricam¹
664 2248 782 2336 poesin
801 2244 888 2313 bene
904 2258 1115 2336 perspectum
1132 2258 1164 2312 et
1181 2245 1259 2312 infi-

232 2371 454 2434 xum-animo
484 2366 646 2433 habuerit.
690 2366 781 2433 Inter
802 2379 932 2433 veteres
956 2367 1047 2432 enim
1072 2367 1141 2431 iam
1163 2366 1259 2433 Plato

232 2483 426 2554 Homerum
445 2469 594 2553 niaxime
619 2487 761 2554 Jonibus
787 2509 845 2554 sua
862 2485 1088 2573 composuisse
1111 2484 1261 2551 carmina

233 2605 347 2670 docuit
368 2609 417 2694 r),
440 2629 591 2694 nosque,
615 2629 695 2672 cum
722 2627 777 2672 ex·
798 2604 837 2671 iis
868 2604 1030 2670 Graecias
1055 2605 1157 2690 partis
1184 2604 1262 2691 qui·
1367 2609 1369 2612 ’

231 2725 309 2790 dem
352 2727 442 2792 haud
479 2731 638 2813 exiguae,
662 2725 849 2809 Pelasgicos
875 2729 909 2808 a)
934 2723 1129 2809 praecipue,
1153 2745 1263 2788 mores

230 2855 332 2932 atqua
350 2845 499 2912 instituta
517 2848 647 2933 egregie
662 2864 914 2930 cognoscamus:
943 2843 984 2906 da
1012 2839 1084 2906 aliis
1112 2840 1260 2928 partibus

232 2965 326 3047 eius,
349 2965 437 3030 etde
462 2965 701 3028 mutationibus
732 2974 807 3050 post
830 2959 977 3026 raditum
1000 2957 1260 3024 Heraclidarum

172 3133 176 3138 .
232 3078 340 3165 factis,
363 3102 446 3168 pene
464 3081 597 3146 nullum
614 3081 704 3146 ferre
724 3079 887 3145 iudicium
905 3099 1094 3166 possumus.
1138 3075 1263 3154 Quam·

233 3197 372 3282 obrem,
397 3201 426 3262 si
452 3221 495 3264 ex
510 3199 641 3264 silentio
667 3199 778 3264 omnis
795 3196 977 3262 admodum
998 3196 1123 3262 incerta
1141 3205 1189 3261 est
1211 3217 1263 3260 ar·

232 3318 457 3402 gumentatio:
482 3319 630 3405 quinon
654 3318 832 3382 temeraria
859 3329 891 3382 et
908 3316 1125 3403 explodenda
1143 3337 1262 3380 eorum

231 3438 317 3502 ratio
342 3437 511 3520 videatur,
535 3436 612 3522 qui,
636 3437 794 3521 quoniam
817 3435 868 3502 dei
895 3435 1036 3500 alicuius
1060 3431 1151 3498 nulla
1172 3433 1263 3522 apud

232 3553 428 3625 Homerum
450 3555 576 3620 mentio
595 3553 674 3641 liat,
696 3576 773 3619 eum
790 3576 900 3640 neque
918 3555 953 3618 iu
972 3550 1108 3636 reliquis
1124 3550 1262 3618 Graecis

110 3784 113 3795 ¹
231 3762 257 3829 a)
291 3761 323 3815 da
343 3766 409 3831 legg.
434 3765 481 3817 111.
502 3782 529 3831 p.
552 3720 614 3816 115.ι
623 3761 664 3812 ad.
687 3763 743 3829 Rip.
765 3761 798 3811 cl.
818 3758 885 3812 Max.
910 3755 974 3826 Tyr.
993 3755 1055 3816 dian
1082 3759 1183 3825 XXIII,
1201 3758 1227 3813 5.

229 3895 256 3964 2)
289 3895 321 3948 cl.
343 3897 461 3950 Strabcu.
488 3895 522 3949 V·
541 3911 569 3960 2,
595 3896 620 3947 4·
644 3893 724 3960 Vltt,
745 3891 771 3960 6,
788 3890 814 3946 5.
