2876 4704
157 451 195 518 ad
225 471 297 517 rem
321 457 475 514 nostram
509 443 622 532 ipsum
640 439 842 508 Tithrambo
865 459 990 507 nomen
1012 439 1186 529 Copticnm

156 571 417 656 interpretatur:
439 564 492 628 ira
513 561 702 643 furantem,
724 562 779 627 vel
814 559 967 626 furorem
998 558 1188 650 indentem,

154 688 252 774 eique
290 681 558 768 interpretationi
588 703 632 746 ex
662 681 751 747 Novi
782 677 992 746 Testamenti
1036 679 1189 748 versione

156 805 298 890 Coptica
333 799 618 866 confirmationem
648 799 758 886 addit,
789 808 955 887 quantum
987 819 1050 862 nos
1084 799 1188 866 santi-

156 944 256 1002 mus,
282 918 393 1008 ig'nari
422 918 490 984 eius
519 917 677 1006 linguae,
706 930 776 984 tarn
813 915 1044 1006 probabilem,
1075 929 1114 985 ut
1145 941 1188 988 ex

158 1040 278 1106 eodem
309 1035 401 1102 fonte
437 1037 522 1103 illud
558 1037 779 1126 Dithyrambi
821 1058 948 1102 nomen
982 1036 1060 1104 duci
1091 1060 1188 1128 possa

154 1159 317 1226 videatur.
361 1155 427 1221 Sed
461 1145 502 1220 de
527 1156 579 1222 his
604 1156 662 1222 alii
688 1156 833 1240 videant,
858 1153 1016 1242 Copticae
1053 1155 1188 1252 linguas

153 1277 262 1368 periti:
285 1273 442 1360 equidem
464 1273 500 1340 in
527 1296 568 1339 eo
591 1295 647 1339 me
671 1273 845 1357 contineo,
867 1284 906 1337 ut
931 1273 1186 1362 dithyrambum

153 1396 202 1463 ex'
224 1393 442 1460 bacchatione
468 1391 586 1480 1)illa
612 1402 646 1456 et
673 1390 790 1457 surore
812 1403 928 1456 ortum
962 1415 1031 1460 esse
1065 1394 1187 1486 dicam,

156 1517 365 1582 nominatum
394 1510 511 1597 initio,
533 1521 572 1575 ut
595 1507 652 1594 fit,
676 1510 717 1576 ab
743 1509 815 1574 aliie
838 1510 947 1595 aliter,
969 1522 1107 1600 tamque
1132 1535 1187 1583 va.

51 1636 54 1644 ’
157 1635 207 1700 ria
240 1631 337 1697 etiam
375 1627 650 1722 conformatum,
679 1639 718 1692 nt
754 1640 884 1694 vetares
914 1649 992 1692 eum
1018 1628 1120 1694 modo
1151 1631 1189 1697 in

163 1750 261 1814 Naxo
286 1748 416 1830 insula,
439 1747 544 1813 modo
567 1746 713 1832 Thebis,
736 1717 840 1822 niodo
877 1744 1033 1812 Corinthi
1067 1745 1189 1814 inven-

163 1878 232 1932 tum
261 1890 328 1934 esse
362 1867 533 1950 dicerent‚·
556 1869 599 1951 a)
630 1865 672 1932 ad
709 1865 801 1952 qnod
831 1864 932 1930 etiam
970 1863 1006 1930 id
1046 1863 1196 1965 referas,

160 1988 248 2074 quod
274 1989 311 2054 in
339 1985 512 2051 Marmore
531 1981 720 2052 Oxonianei
747 1985 815 2049 iam
839 1983 1055 2050 Erichthonii
1084 1997 1187 2054 aetate

157 2105 321 2196 Hyagnis,
347 2104 466 2192 Phryx
489 2104 537 2190 ὅ),
562 2102 707 2168 Matrem
727 2107 878 2190 deorum,
900 2100 1080 2192 Bacchum,
1104 2105 1187 2172 alios

136 2225 237 2314 'deos
259 2223 442 2292 celebrasse
464 2223 573 2290 nomia
594 2221 755 2290 traditura

257 2375 409 2442 Phallica
429 2375 579 2440 carmina
605 2375 646 2439 ad
672 2373 828 2462 phellum
856 2375 1053 2464 pertinuisse
1073 2372 1188 2462 ipsum

158 2516 297 2565 nomen.
326 2493 441 2574 donet,
463 2491 504 2560 de
540 2503 657 2557 natura
692 2515 775 2560 vero
808 2515 925 2560 eornm
956 2493 1188 2580 antiquissima

162 2614 257 2678 dictu
282 2619 332 2674 est
356 2605 530 2674 difficilius.
572 2609 688 2698 Atque
714 2611 905 2678 Athenaeus
928 2617 972 2697 4)
997 2611 1135 2696 quidem
1156 2622 1196 2676 et·

162 2725 381 2818 ithyphallos
410 2739 442 2793 at
460 2725 706 2813 Phallophoros
728 2731 976 2817 progredientes
1003 2726 1194 2812 composite,

159 2871 238 2915 suos
266 2845 421 2912 cecinisse
451 2855 567 2912 cantus
589 2847 702 2933 refert,
723 2850 880 2935 idemque
915 2846 1041 2911 lascivo
1071 2845 1132 2914 illo
1153 2847 1200 2945 in⁸

159 2965 401 3054 Aristophanis
423 2965 698 3033 Acharnensibue
718 2969 795 3036 looo
811 2965 1024 3054 significatur.
1068 2965 1196 3053 Neque
1216 3027 1217 3032 ,

161 3105 265 3175 parva
296 3081 378 3148 haec
400 3081 586 3171 fragmenta
612 3087 748 3174 quidem
778 3084 1063 3172 dithyrambicam
1094 3085 1189 3152 illam

161 3201 409 3268 vehementiam
433 3215 466 3268 et
502 3205 763 3272 commotionem
785 3202 931 3291 spirant,
953 3203 1009 3266 sed
1033 3204 1191 3291 aequabi-

162 3322 247 3389 liora
280 3332 378 3401 sunt,
408 3342 527 3409 eaque,
550 3345 594 3390 ex
627 3324 769 3411 quibns,
792 3321 946 3386 adiuncta
966 3321 1189 3408 cavillatione,

163 3441 326 3540 proficisci
348 3441 519 3508 comoedia
548 3453 668 3532 posset.
712 3441 803 3522 Quid
830 3429 939 3508 verol
962 3440 1053 3524 qnod
1088 3439 1188 3527 etiarn

164 3655 191 3726 ι)
224 3659 258 3714 af.
273 3659 397 3715 Plomroh·
416 3661 459 3716 EI.
483 3681 525 3729 sp.
545 3661 640 3732 Delph·
656 3681 682 3732 p.
704 3655 763 3714 528.

163 3795 189 3855 2)
226 3793 259 3844 cl.
281 3791 313 3843 ad
330 3793 402 3875 Pind.
419 3795 527 3864 Olymp·
548 3795 622 3846 xltl.
644 3793 685 3844 25.
706 3789 798 3847 Sahal.⁸
815 3789 850 3847 V.

160 3923 187 3994 5)
221 3923 255 3979 ol.
272 3926 292 3978 1.
313 3944 388 3994 snpra
410 3928 429 3980 l.
449 3939 476 3979 st
506 3922 844 3978 nunnamenster.
883 3922 910 3990 4)
943 3919 1028 3986 deipn.
1045 3935 1071 3991 p·
1095 3914 1150 3966 52²·
