2894 4700
250 259 332 358 234

250 469 554 530 commoveamur,
577 449 706 516 etiamsi
733 466 795 514 uec
821 467 908 516 nore
931 469 1039 536 oeque
1065 452 1176 536 ignote
1200 453 1283 537 sint,

250 570 365 658 eloqui
395 569 484 636 inter
508 567 632 633 amicos
655 565 830 652 cupimus:
852 547 905 633 ito¹
920 566 1051 634 Electra
1073 569 1225 655 Aegisthi
1247 582 1283 638 et

251 689 533 776 Clytaemnestrre
556 684 759 750 insolentem
778 687 1005 770 arrogantium
1027 699 1060 754 et
1080 686 1116 752 iu
1148 709 1183 752 se
1199 709 1281 752 cru-

250 809 417 878 delitatem
442 815 575 870 enarret
603 803 731 889 oboro;
755 825 822 890 quo
846 803 902 884 fit,
924 816 963 870 ut
985 817 1061 870 tum
1090 805 1156 888 hic,
1179 827 1285 892 quem*

246 929 348 992 iustos
366 925 461 1010 virgo
476 920 602 987 doloris
618 942 732 993 ceurae
754 921 885 1008 hebeat,
901 923 1074 1010 intelliget,
1096 935 1177 988 turu¹
1191 947 1284 1011 spec·

248 1057 371 1117 totores
390 1061 505 1106 rerum
524 1039 677 1106 omnium
702 1052 826 1106 statum
850 1041 1043 1128 plenissime
1072 1053 1281 1127 cognoscent.

202 1255 206 1266 ,
249 1164 330 1230 Non
353 1161 431 1226 sutis
452 1159 585 1224 leudcri
616 1170 726 1246 potest
755 1160 792 1226 iu
818 1159 871 1224 hie
895 1158 1047 1243 Electrae
1071 1161 1281 1228 sermonibus

251 1277 308 1360 rel
334 1300 494 1344 sensuum
516 1277 639 1346 veritus
662 1279 729 1364 vel,
752 1278 958 1366 praesertim·
972 1278 1006 1342 io
1033 1278 1179 1364 querelis
1201 1278 1280 1364 illis,

248 1398 379 1468 dicendi
405 1396 535 1483 generis
565 1409 597 1466 et
624 1396 768 1481 dignitus
793 1407 842 1464 et.
859 1408 1027 1464 venustos.
1070 1396 1143 1462 Nec
1168 1397 1283 1462 miuus

247 1518 391 1610 pulchre
419 1527 562 1603 essunt,
588 1515 710 1604 quibus
735 1515 892 1582 mulieres
916 1513 1108 1600 benevolae,
1131 1536 1175 1580 ox
1198 1513 1290 1600 qui-¹

246 1639 310 1727 bus
354 1636 478 1702 chorus
513 1646 661 1720 constet,
692 1633 859 1700 consolari
894 1655 969 1699 esur
1007 1645 1193 1720 conentur,
1223 1631 1281 1698 sed

247 1758 391 1832 frustra:
429 1751 559 1841 perpeti
603 1753 693 1816 enim
740 1753 872 1818 Electra
906 1751 1087 1818 'durissime
1130 1771 1283 1838 quaeque
1332 1813 1336 1821 .

243 1875 394 1955 mavult,
418 1891 520 1955 quem
547 1890 615 1932 ooo
632 1867 748 1951 lugere
772 1879 902 1956 petrem
928 1879 1104 1934 mortuum
1128 1881 1160 1934 et
1183 1889 1281 1934 moe-

242 2015 319 2059 rore
351 2010 413 2054 suo
440 1984 685 2072 parricidarum
710 1994 800 2050 certe
835 1983 972 2049 turbere
993 1986 1164 2051 scelestum
1181 1959 1306 2050 tren-⁵

241 2087 454 2201 ouillitatem·
478 2103 574 2184 Quae
596 2101 732 2188 quidem
751 2123 792 2168 eo
805 2112 888 2182 ‚suut
908 2102 1176 2191 acerbioro,‚quo
1196 2124 1280 2190 gre-

244 2225 475 2308 viusEleotro,
486 2221 657 2308 aptissime
669 2219 831 2292 muliebri
852 2219 924 2286 eius
933 2228 1082 2307 ooturse,
1098 2221 1190 2310 quod
1206 2221 1279 2288 solu

241 2349 361 2439 ingens
379 2342 445 2408 boc
462 2341 618 2440 luctuum
642 2360 728 2408 cour
753 2335 849 2426 feret,
865 2342 1086 2428 conqueritur
1104 2344 1147 2425 ι).
1190 2339 1280 2407 Cum

242 2489 326 2532 vero
351 2473 449 2551 poeto
486 2460 687 2549 praecipue,
710 2459 895 2526 rarissimus
920 2456 959 2538 ⁸io
987 2461 1053 2528 hoc
1081 2481 1182 2528 sexu·
1201 2459 1277 2526 vir-

138 2639 141 2644 ,
177 2632 180 2638 .
241 2597 348 2669 tutes,
379 2580 600 2646 constantiam
642 2577 736 2645 illius
771 2600 942 2644 summum
965 2584 1008 2666 et
1039 2577 1277 2646 fortitudinem

242 2702 348 2774 enimi
378 2699 550 2766 ostendere
571 2697 737 2782 studeret,
760 2719 822 2762 nec
849 2697 965 2764 metris
987 2708 1020 2764 et
1039 2695 1177 2785 tyrouui
1202 2684 1279 2758 see·-

242 2823 324 2890 vitio
351 2820 512 2902 fractam,
548 2837 659 2904 neque
691 2815 879 2882 amicerum
907 2807 1061 2903 precibus
1091 2812 1277 2894 mollitam,

241 2963 303 3008 uec
332 2939 491 3005 beatioris
516 2938 624 3015 vitae,
656 2955 721 3018 quo
744 2933 851 3020 focile,
876 2933 905 2998 ei
921 2933 1046 3028 mitiori
1066 2953 1134 2998 esse
1164 2930 1276 3013 vellet,

242 3057 312 3124 frui
346 3065 475 3144 posset,
508 3049 666 3140 exemplo
693 3051 878 3118 turbatam:
908 3031 1142 3136 praeterquum
1165 3047 1290 3136 'quod¹

241 3188 320 3266 epte
353 3173 496 3240 chorum
525 3169 732 3240 timidiorem
761 3167 1030 3254 iecit,.Electree
1061 3167 1273 3254 Chrysothe-

241 3296 316 3371 min
337 3290 503 3380 opposuit,
528 3309 693 3372 sororem,
722 3286 939 3354 bonumeam
964 3269 1120 3374 quiderm¹
1140 3283 1197 3350 sed
1219 3281 1276 3350 fe*

242 3415 394 3489 ciliorem
429 3427 506 3493 erge
540 3407 743 3494 parricidas,
766 3407 908 3492 ideoque
934 3406 1058 3470 leutius
1089 3403 1274 3472 virentem.

243 3537 360 3618 Atque
381 3549 437 3612 eu,
468 3538 543 3614 post
575 3525 672 3590 chori
706 3547 783 3590 cum
818 3523 950 3590 Electra
971 3541 1154 3588 sermones
1185 3521 1274 3607 illos,

186 3627 187 3630 Ἴ
241 3669 372 3740 egresso
398 3645 513 3731 domo,
536 3643 737 3722 exhortetur
758 3654 792 3708 et
812 3654 907 3730 roget
935 3661 1098 3726 sororem,
1122 3661 1165 3708 ue
1194 3640 1273 3706 diu-

240 3911 264 3974 ι)
283 3928 311 3963 v·
327 3923 381 3975 ¹¹7·
395 3923 451 3974 sqq.
