2902 4704
1162 226 1239 316 115

203 403 297 491 quod
324 400 518 490 Phrynichi
539 413 572 467 et
597 399 762 488 Aeschyli
785 399 978 488 tragoediae
999 401 1107 469 tritten
1136 403 1237 471 fuisse
1347 429 1351 438 ¹

196 525 377 608 dicuntur,
400 520 580 609 Thespidia
605 519 755 587 dramate
773 519 858 586 nihil
891 519 1044 587 tristitiae
1069 519 1233 607 habuisse,

194 645 256 708 sed
274 642 406 706 ludicra
428 639 542 704 omnic
557 650 589 703 ct
605 637 748 726 satyrice
772 635 876 704 fuisse
894 631 1064 724 efficitur?
1093 637 1178 724 luto,
1195 651 1233 705 ut

192 759 454 862 philosophiam
475 758 516 824 ecl
537 753 657 860 pocula
680 757 827 824 admittit
846 757 1064 842 Plutarchus,
1086 759 1232 844 argutias

198 880 241 946 eb
259 878 301 946 iis
323 888 493 944 removet:
512 875 581 964 ite,
602 877 674 965 ipsa
704 877 956 964 comparatione
981 899 1059 963 sua,
1081 875 1231 964 Thespi·
1337 887 1340 892 ’

192 997 516 1086 ‹liatregoedierum
541 995 698 1080 gravitati
725 994 879 1082 cuidem,
910 995 1114 1082 Satyrorum
1140 1008 1230 1062 tem·

193 1127 332 1206 peratee
358 1114 460 1201 iocis,
483 1111 623 1179 illorum
653 1093 827 1202 opponere
852 1115 1064 1180 acerbitatem
1084 1115 1229 1202 videtur,

189 1235 235 1300 eb
255 1233 427 1301 hilaritate
449 1232 544 1299 omui
568 1230 736 1320 nimium,
760 1243 799 1296 ut
821 1233 973 1299 censebat
991 1233 1155 1322 populus,
1178 1255 1228 1300 re·

190 1366 330 1422 motem.
374 1355 489 1439 Atque
512 1350 547 1415 id
573 1350 704 1436 egregie
728 1349 801 1435 ipae
819 1351 1014 1419 Aristotelis
1039 1351 1098 1418 ille
1129 1352 1226 1418 locus

194 1473 327 1560 probat,
361 1469 553 1537 eBentleio
576 1481 693 1534 contre
712 1491 778 1548 ,noe
802 1449 939 1555 allatus,
963 1467 1022 1556 qui
1047 1481 1080 1536 et
1098 1473 1224 1538 Caeeu·
1309 1552 1313 1561 s

191 1591 285 1655 bono
318 1601 352 1658 et
368 1589 439 1655 eliis
467 1586 626 1656 fraudem
648 1585 744 1654 fecit:
768 1609 960 1654 mensurae
982 1587 1134 1657 brevibus
1150 1585 1224 1674 fa·

195 1705 281 1771 bulis
298 1717 331 1771 et
346 1707 475 1774 ludicre
504 1706 669 1793 dictione,
693 1706 852 1794 quoniam
891 1725 1056 1792 egenere
1082 1708 1224 1794 satyrico

135 1843 137 1852 ¹
194 1822 403 1913 cernebatur,
421 1823 647 1912 eerogrcvior
674 1825 819 1890 emersit.
864 1823 972 1890 Initio
990 1824 1090 1890 enim
1113 1835 1223 1892 tetra·
1323 1855 1329 1864 ·

193 1955 298 2010 metro
312 1945 509 2030 utebantur,
531 1942 619 2034 quod
634 1947 779 2032 satyrice
804 1952 886 2009 esset
900 1952 933 2008 et
951 1944 1064 2029 magis
1086 1945 1134 2009 ccl
1147 1942 1222 2008 anl-

189 2063 351 2140 tationem
379 2062 481 2151 fucta
495 2063 614 2152 poecis.
659 2061 737 2144 Quo
761 2061 917 2149 quidem,
947 2059 1045 2126 sicuti
1076 2060 1149 2128 eliis
1179 2061 1221 2128 tle

187 2181 312 2247 ortium
334 2178 527 2248 inventione
542 2179 642 2268 locis,
666 2178 694 2246 ai
717 2180 791 2268 quia
811 2175 857 2247 ite
875 2191 1008 2263 utatur,
1031 2190 1069 2244 ut
1090 2181 1221 2247 cautio·

186 2321 265 2366 uena
297 2301 430 2370 nullum
454 2299 626 2367 adhibeat:
649 2322 788 2368 necesse.
810 2310 876 2382 est,
911 2298 948 2363 in
980 2294 1215 2366 confusionem

187 2439 370 2503 summam,
395 2435 576 2502 rerumque
596 2418 749 2484 omnium
769 2399 1059 2506 perturbetionem
1083 2415 1219 2484 incidet

186 2531 311 2600 Graeci
346 2532 455 2620 enim,
488 2533 578 2620 quod
616 2534 725 2600 sciunt
757 2537 893 2630 quidem
933 2556 1067 2620 omnes,
1098 2535 1218 2606 sed-iu

187 2629 439 2742 quainticnibus
482 2652 551 2721 suis
590 2651 762 2720 interdum
803 2655 996 2740 negligunt,
1032 2651 1219 2720 inventoria

184 2794 312 2839 nomen
343 2771 392 2838 iii
417 2771 487 2839 fere
512 2771 721 2858 tribuebant,
753 2773 812 2861 qui
847 2782 967 2838 tentate
994 2771 1218 2856 inchoauque

180 2890 225 2958 eb
247 2891 319 2958 eliis
337 2890 383 2956 ite
399 2889 635 2980 perfecerunt,
657 2903 695 2957 ut
707 2903 780 2958 tum
802 2893 928 2960 incerte
951 2910 1036 2978 quee
1063 2887 1216 2975 fuissent,

182 3013 224 3078 ed
241 3021 455 3078 constentem·
469 3011 616 3101 eliqucm
632 3011 748 3098 legem
764 3011 981 3098 revocarent,
1003 3020 1078 3074 turn
1094 3007 1217 3077 adum·

182 3129 361 3197 brutorum
384 3131 517 3219 levius,
537 3131 690 3200 distincta
715 3106 863 3220 partium
886 3129 1044 3196 omnium
1070 3127 1216 3197 eircum-
1277 3175 1282 3186 x

182 3251 376 3340 scriptione,
394 3247 551 3314 formam·
562 3247 731 3336 quendam
763 3246 996 3339 exprimerent
1012 3245 1215 3317 absolutam.

183 3369 239 3435 Sic
257 3391 328 3436 non
345 3389 427 3436 vere
447 3354 639 3456 Aeschylus
657 3370 810 3458 primus,
833 3355 889 3432 secl
903 3377 987 3447 ,ente
1005 3387 1082 3430 eum
1106 3363 1214 3428 Choe-

182 3484 266 3550 rilus
295 3491 341 3574 ι),
373 3488 457 3576 quin
497 3487 567 3576 ipae
590 3469 733 3575 Thespia
769 3495 804 3572 u)
829 3507 986 3574 perennes
1020 3482 1215 3570 eliqueret

181 3623 297 3670 scenae
337 3611 544 3694 vestitusque
581 3606 750 3678 invenisse
800 3614 1000 3695 apparatum
1047 3600 1211 3686 truditur3

180 3757 206 3817 tl
241 3757 314 3813 Suid.
330 3777 354 3814 v.
376 3761 520 3816 chuerum.
563 3760 568 3771 ’

176 3874 203 3944 al
237 3873 279 3934 td.
295 3893 320 3931 v.
336 3879 453 3949 Thespis.
