2894 4700
199 262 202 279 ‘
264 254 346 374 224

265 432 411 504 mirabili
438 432 542 498 modo
565 432 843 502 occaecabantur
876 451 911 496 a
930 427 1058 494 deabus
1087 429 1157 501 istie
1184 430 1303 500 fatal.

262 553 336 622 bue.
367 549 532 640 Lepidam
558 548 796 636 defensionem,
820 570 929 637 neque
953 550 1018 638 ipsi
1042 547 1213 630 Voltario,
1237 575 1304 638 pn·

257 685 309 762 to,
331 670 515 738 admodum
548 661 762 756 probatam!
776 668 953 734 Nimirum
983 680 1076 733 tanto
1110 669 1141 733 ai
1175 673 1300 736 consti-

263 790 304 858 tit
325 789 464 886 actionis
488 809 566 854 auae
591 786 756 874 implicita
788 786 845 852 ille
875 799 976 874 atqua
1002 786 1082 854 artis
1105 787 1211 874 plana
1234 795 1298 856 ιιι-ἑ

267 909 380 997 rietes,
403 928 469 996 qna
485 905 625 972 nimiam
642 907 740 972 istam
755 904 1139 994 videlicetSophocleaa
1158 906 1295 973 institu-

257 1027 371 1116 tionis
388 1045 558 1114 suparare
566 1023 865 1118 simplicitatemv
842 1023 960 1090 voluit.

365 1143 403 1214 ln
435 1165 667 1232 personarum
681 1155 816 1246 autem,
839 1142 875 1208 in
907 1154 1051 1232 utraque
1075 1143 1189 1230 fabula
1212 1168 1298 1232 pro-,-

257 1239 453 1356 positarum
480 1263 617 1366 ingenio
647 1274 679 1329 et
704 1233 867 1330 moribus
905 1263 1141 1341 examinandis
1170 1268 1299 1351 gnaris-

257 1385 386 1469 timum
423 1381 478 1448 id
495 1381 676 1472 habemus,
707 1381 853 1474 quod
843 1405 880 1448 ιιι
917 1380 1065 1474 Voltarii
1090 1379 1230 1468 tabula,
1260 1382 1297 1470 id

256 1505 387 1600 quod'
376 1526 450 1599 rpea
484 1502 554 1570 eius
573 1501 759 1606 inscriptio
780 1501 893 1588 docet,
916 1466 1068 1587 Orestes,
1099 1501 1192 1592 apud
1230 1505 1297 1568 So·

255 1624 415 1733 phoclem
447 1621 577 1691 Electra
604 1623 741 1712 primas,
764 1620 873 1688 habet.
934 1617 1042 1686 Facile
1078 1619 1294 1708 intelligitur,

255 1715 358 1813 cur
347 1767 385 1812 tn
408 1742 474 1808 hoc
501 1739 651 1807 Gallicus
682 1715 780 1833 poete
810 1740 852 1806 ab
882 1739 1041 1828 exemplo
1068 1761 1131 1806 suo
1171 1715 1298 1804 disces-

256 1863 349 1933 serit.
402 1859 592 1958 Nimirum
607 1858 739 1925 civibus
767 1859 850 1933 suia
874 1875 999 1942 parum
1039 1859 1262 1942 probatum
1252 1858 1296 1932 tri

257 2000 333 2048 eam
370 1949 620 2067 simplicitatem
645 1943 793 2062 putavit,
833 1993 945 2062 quae
941 1973 1148 2062 maximam
1165 1988 1297 2064 partem

259 2094 450 2186 tragoediae
470 2093 513 2160 ad
549 2093 700 2160 Electrae
731 2115 842 2159 mores
865 2092 1044 2184 variosque
1078 2093 1182 2160 animi
1213 2117 1295 2160 ιιιο-

257 2229 325 2316 tus
344 2223 516 2282 revocaret
547 2212 806 2314 exprimendoa3
829 2211 985 2315 Qrestam
1010 2223 1142 2303 autem,
1176 2179 1294 2304 utqui

257 2338 294 2442 iu
327 2334 390 2402 hac
424 2331 540 2400 fabula
580 2331 622 2398 ab
657 2330 815 2397 omnibus
853 2333 907 2396 vel
942 2331 1190 2398 desideraretur
1218 2355 1293 2398 ma·

256 2457 351 2526 xime
380 2454 436 2524 vel
460 2453 649 2540 timeretur,
670 2452 713 2518 ad
732 2453 871 2520 actionis
898 2450 1156 2519 concitationem
1179 2451 1296 2518 habuit

255 2577 445 2674 ttptiorem„
475 2573 548 2642 Nec
574 2566 656 2650 'vero
691 2595 770 2640 eum
799 2573 842 2674 ad
877 2572 1059 2660 Sophoclei
1084 2569 1212 2639 Orestis
1245 2570 1292 2637 si·

114 2739 117 2747 ·
200 2772 204 2778 ⁴
255 2695 487 2764 militudinem
517 2691 769 2780 conformat-in
790 2693 847 2780 aad
868 2692 1007 2761 consilio
1036 2690 1079 2758 ab
1120 2711 1160 2758 eo
1187 2687 1293 2777 finxit

200 2883 203 2890 ,
257 2815 532 2899 diversissimum.
576 2813 759 2908 Sophocles
795 2815 907 2898 anim,
949 2812 1040 2900 quod
1086 2810 1217 2898 egregie
1255 2809 1293 2877 iu

254 2955 314 3000 aua
336 2934 377 2999 de
400 2933 463 2998 hac
488 2933 601 2998 fabula
629 2929 857 3018 disputatione
882 2929 1090 3016 Schlegeliua
1119 2940 1290 2994 monetae-

253 3055 322 3140 vit,
355 3074 456 3120 auum
494 3048 648 3116 Orestem
678 3047 855 3112 'invenem
899 3047 1008 3135 fecit,
1041 3047 1163 3132 alacri,
1204 3065 1292 3134 quaa

252 3170 394 3261 proprie
418 3169 450 3238 ai
480 3167 574 3233 aetati
591 3187 662 3232 ersa
682 3167 784 3249 solet,
813 3163 978 3234 hilaritate
1004 3167 1217 3256 praeditum,
1246 3171 1288 3248 r)

252 3287 459 3382 paedagogi,
495 3287 603 3368 aenis,
647 3281 861 3372 sapientibus,
899 3283 1046 3352 consiliis
1099 3283 1291 3352 verecunde

253 3411 542 3498 obtemperantem
571 3409 634 3490 a),
679 3405 855 3492 Apollinis
900 3405 998 3472 iussis
1040 3404 1113 3471 aina
1152 3402 1291 3468 dubita-

250 3528 344 3598 tione
374 3536 546 3614 parentem
569 3525 626 3609 5),
656 3522 800 3610 denique
830 3522 901 3610 spei
925 3521 1096 3609 animique
1119 3525 1289 3612 planum,

254 3781 279 3850 ι)
296 3798 322 3834 v.
338 3781 378 3853 59,
391 3795 448 3848 sqq.
482 3778 523 3844 a)
540 3795 565 3832 v.
583 3773 624 3833 51.
637 3780 678 3832 80.
694 3793 751 3846 sqq.
767 3775 833 3828 rana
844 3791 900 3842 sqq.
916 3776 990 3834 etto.

252 3915 278 3980 3)
296 3934 320 3969 r.
334 3914 376 3970 65.
393 3913 435 3984 69.
451 3909 592 3981 sqq.1568·
609 3931 664 3980 sqq.
687 3987 689 3994 Ι
