2902 4704
1130 295 1210 418 157²

182 483 348 572 moridie,
370 479 620 574 Anacreontis,
636 477 801 546 aliorum:
825 476 883 567 qui
900 489 958 545 aut
973 476 1084 566 ipsum
1099 479 1212 550 Thess

180 604 296 692 pidem
320 604 603 686 exhortarentur,
634 610 672 666 ut
700 589 860 686 sua-ipsis
882 597 1124 688 conscriberet,
1152 613 1239 672 aut'

83 766 88 777 x
176 722 212 788 ld
230 722 303 788 fieri
332 741 393 809 per
418 721 500 788 alios
520 729 686 788 oursreoo
733 715 826 796 Quid
853 709 964 783 vero?
987 704 1079 806 quod
1095 719 1147 788 rel
1165 721 1216 810 id,

180 841 273 928 quod
301 839 498 916 Heraclides
529 859 606 906 suas
639 835 771 904 fabulas
811 833 973 923 'l'beapidi
1013 837 1218 930 adscripsit,

180 959 283 1027 huius
297 957 399 1024 luisse
414 981 508 1026 rerss
532 957 660 1045 aliquas
681 953 931 1046 quodammodo
952 951 1143 1044 significet?
1163 961 1211 1036 si-,

98 1151 105 1160 ,
182 1077 384 1168 quidem,·si
413 1077 501 1146 nihil
530 1088 627 1145 antea
659 1074 858 1144 attributum
889 1074 1054 1163 Thespidi
1079 1075 1217 1166 fuisset,
1361 1077 1365 1086 ’

180 1197 272 1266 baud
297 1196 369 1264 fere
392 1208 555 1287 sperasset
584 1195 641 1263 ille
664 1195 734 1262 suis
762 1215 833 1260 sess
864 1193 967 1260 tidem
989 1193 1213 1268 inventurum

180 1335 260 1406 esee,
280 1317 392 1382 subito
411 1317 562 1404 prolatis.
605 1312 737 1392 Quibus
758 1333 829 1378 uon
855 1311 974 1399 obstet,
997 1315 1089 1400 quod
1122 1319 1214 1406 apud

177 1435 464 1519 Athenaeum's·),
487 1431 607 1498 Alexis
624 1429 776 1517 primum
800 1429 990 1516 tragoediae
1005 1431 1215 1526 scriptorem,

177 1575 249 1620 uon
284 1549 513 1638 Thespidem,
545 1548 603 1613 sed
628 1543 825 1614 Choerilum
850 1563 1113 1636 commemorat;
1134 1577 1215 1624 nem

36 1695 42 1706 ¹
180 1691 260 1735 easu
279 1669 315 1733 iu
339 1668 409 1733 hoe
424 1667 500 1732 loeo
525 1663 666 1732 nornine
684 1662 827 1731 eoufieta
851 1653 984 1754 potius,
1008 1656 1110 1755 quatu
1126 1665 1219 1740 certo

86 1851 93 1858 .
181 1785 334 1854 oonsilio:
349 1763 510 1852 beliocus
526 1797 624 1853 eunt:
646 1785 682 1852 id
698 1784 889 1872 quodcum
911 1784 1005 1852 omni
1020 1783 1087 1855 loei
1108 1794 1223 1859 ratio··

181 1925 242 1990 ue,
258 1917 348 1973 ⁴turn
380 1926 421 1970 eo
446 1903 652 1985 declaretur,
684 1902 777 1991 quod
800 1904 942 1989 eodem,
969 1925 1041 1992 quo
1076 1907 1220 1978 Choeri-

180 2023 245 2110 lus,
262 2034 298 2090 αι’
311 2023 451 2090 meliore
468 2024 553 2112 iure,
572 2023 790 2113 Phrynichus
806 2034 937 2113 poterat
950 2005 1134 2094 nominari:
1154 2029 1227 2099 Sed

107 2135 109 2138 ’
181 2141 358 2212 laeuone
384 2142 463 2207 ortis
478 2143 689 2210 inventorem
707 2141 828 2234 illum,
849 2143 1117 2233 acceptissimum
1141 2150 1224 2216 vul·
1251 2203 1254 2212 .

180 2284 244 2350 go,
268 2261 417 2328 ineudita
449 2262 595 2349 quadam
619 2274 653 2328 et
681 2261 872 2328 incredibili
900 2262 1063 2330 modestia
1087 2264 1220 2334 fabulss
1239 2304 1276 2358 ,p

181 2402 258 2449 suas
273 2379 421 2465 interire·
435 2379 590 2466 voluisse,
606 2403 678 2447 nou
696 2380 854 2466 scriptas3
881 2391 915 2446 st
935 2393 1025 2447 oerte
1043 2381 1226 2470 fragmen&

100 2487 106 2499 ’
182 2511 217 2568 ts
231 2519 347 2568 esrum
368 2498 468 2588 plura
482 2498 646 2564 exstitisse
662 2497 818 2586 equidem
836 2516 899 2586 pro
909 2499 1083 2568 verissimo
1101 2503 1230 2579 hahens
1249 2541 1251 2546 ·

183 2619 275 2686 Nem
292 2630 329 2684 et·
343 2595 581 2712 Chamaeleon,
604 2637 706 2706 quem
726 2613 914 2682 librumda
927 2617 1099 2707 'l'beepide
1115 2623 1220 2712 sorip·
1307 2666 1310 2672 ,

183 2740 262 2804 sisse
296 2747 446 2823 eonstst,
477 2737 539 2802 vix
567 2738 700 2824 potuit,
735 2733 848 2821 quin,
883 2733 1016 2820 quibus·
1045 2747 1152 2804 artem
1189 2751 1223 2808 et

183 2855 351 2923 tutionem
377 2869 477 2942 atque
506 2857 620 2943 ipsum
649 2853 827 2944 inventurn
866 2851 938 2916 eius
970 2853 1173 2946 illustraret,
1204 2881 1223 2926 e

108 2975 110 2980 ’
182 2971 305 3042 fabulis
357 2973 430 3048 eius
456 2973 612 3059 exempla
637 2972 748 3060 eliqua
773 2971 808 3038 in
845 2971 998 3046 madium
1030 2968 1221 3066 proferret3

185 3114 248 3161 neo
265 3091 347 3178 fere,
375 3103 453 3158 ante
469 3111 559 3178 euru,
582 3091 765 3180 Sophocles
797 3078 944 3159 seribere
967 3101 1083 3158 'eontra
1113 3097 1224 3164 Thes-

185 3213 299 3304 pidetu
316 3222 350 3278 et
365 3209 572 3278 Choerilum
601 3211 644 3278 de
664 3211 770 3277 ehoro
789 3221 948 3300 poteret,
961 3211 1025 3278 uisi
1042 3224 1118 3282 ente
1137 3234 1231 3282 oen-⁴
1321 3221 1326 3232 '

173 3331 253 3419 -lbs,
288 3331 317 3396 si
344 3329 459 3395 miuus
484 3329 641 3417 integrus¹
674 3321 851 3418 utriusque
881 3317 997 3417 poetae
1019 3330 1167 3420 fabulas,
1190 3349 1226 3402 at

186 3462 297 3539 partes
330 3471 456 3516 esrum.
477 3449 638 3537 quasdem
665 3449 830 3534 hsbsbst,
853 3447 943 3514 haud
962 3449 1107 3536 exiguus.
1151 3453 1229 3522 De-

187 3567 290 3654 nique
319 3567 500 3656 Thespidis
524 3567 713 3655 tragoediae
730 3549 813 3634 adeo
840 3567 1015 3658 placebant
1032 3564 1227 3639 'Athenien-

187 3685 298 3772 sibus,
331 3698 388 3770 nt,
427 3687 615 3756 memoriae
650 3686 809 3775 traditae,
837 3688 948 3757 adhue
976 3681 1228 3780 Aristophanis

422 3818 424 3823 ’
975 3824 982 3862 ι

186 3942 215 4024 Ιι)
249 3943 336 4013 deipu.
353 3963 380 4014 p.
399 3947 457 4003 164.
