2876 4704
248 267 302 384 78

245 447 361 518 videre
388 449 513 539 nollet,
545 451 631 518 ulter
662 450 763 519 etiem
799 454 913 522 videre
943 465 1137 542 pereuntem
1167 449 1279 519 vellet.

244 569 474 653 stenelum,
500 569 694 636 utLibero.
726 571 831 660 petri,
862 573 1027 660 repertori
1061 572 1157 658 vitis,
1192 568 1278 636 hirei

241 689 513 774 immolarentur,
536 688 689 777 proinde,
712 699 750 755 ut
768 691 876 778 ospite
896 691 1016 760 durent
1032 711 1175 780 poenam
1196 711 1279 754 onn-

244 821 307 897 trt,
330 821 369 874 ut
395 808 571 878 Minervae
594 809 723 894 erpetui
744 809 876 896 generis
906 810 994 876 nihil
1028 810 1278 893 immolaretur,

244 941 387 1018 propter
411 925 531 1011 oleum,
561 927 652 1018 quod
683 939 778 1018 euml,
811 950 914 1016 quem
934 925 1096 1014 laeserit,
1127 927 1199 999 lieri
1223 925 1277 992 ‹ti-

244 1058 327 1114 ennt
354 1043 538 1112 sterilem.’'
581 1045 713 1112 Mirum
740 1021 892 1134 p'rofeeto
916 1059 965 1114 est
994 1045 1277 1118 innuentibus

242 1167 343 1251 odio,
376 1161 467 1250 quod
501 1163 689 1232 innumeris
715 1166 752 1234 in
784 1166 927 1253 gemmis
951 1165 1100 1254 ullisque
1128 1163 1276 1233 artificiis

240 1283 376 1350 hircum
409 1304 483 1351 uon
512 1305 594 1352 sene
623 1285 737 1354 hostili
761 1287 884 1373 modo,
913 1261 970 1353 sed
1002 1298 1163 1371 tunquam
1202 1282 1276 1348 eol·

238 1403 390 1468 lusnrem
412 1413 619 1492 *gestumque
644 1405 855 1475 leeeivierum
876 1405 1006 1470 socium
1030 1427 1108 1470 eum
1140 1399 1275 1468 Bocche
1395 1393 1400 1400 ’

239 1531 273 1588 et
308 1519 438 1609 Sttyris
468 1521 663 1594 invenimus
707 1521 955 1616 compositum!
997 1525 1067 1592 Nee
1097 1523 1184 1590 bene
1238 1517 1275 1586 id

236 1638 463 1728 praetermisit
483 1641 605 1712 Varro
619 1645 757 1730 dooere,
785 1668 848 1714 cur
875 1667 1024 1734 ‚orprum
1052 1641 1277 1733 potissimum,

241 1780 314 1824 reon
363 1759 447 1826 item
480 1783 615 1850 oeprsm
658 1763 792 1830 Baccho
843 1765 1069 1832 immolarent.
1098 1759 1187 1826 est
1216 1757 1274 1824 itte

239 1875 322 1950 tres
354 1878 468 1945 omnis
493 1889 657 1966 tauquam
687 1901 767 1948 essu
801 1891 835 1946 et
854 1879 995 1948 erbitrio
1024 1879 1174 1948 institute
1204 1895 1275 1940 eese

237 1995 380 2086 :pusuit3
400 1995 565 2082 siquidem
609 1999 682 2064 eius
707 2017 751 2064 ex
785 1997 1010 2086 disputatione
1041 1993 1128 2062 nihil
1158 1991 1273 2079 impe-

239 2115 369 2200 diebat,
401 2135 469 2200 quo
507 2115 633 2198 minus,
661 2136 825 2184 converto
854 2115 993 2201 ordine,
1024 2112 1156 2180 neceto
1187 2106 1273 2176 nihil
1309 2089 1312 2096 ¹

238 2234 372 2324 centini
402 2233 557 2322 generis,
588 2233 765 2304 Minerree
789 2245 907 2322 eutem
939 2255 1050 2324 cupre»
1079 2229 1133 2300 vel
1169 2247 1270 2316 ceper

194 2372 200 2385 “
238 2347 458 2422 mactaretur!
502 2353 576 2420 Nec
599 2351 677 2443 plus
714 2357 879 2431 momenti
898 2353 953 2422 'iis
978 2351 1152 2437 tribueris,
1177 2349 1271 2435 'queo

132 2475 142 2488 '
237 2495 316 2541 eum
350 2469 492 2557 eleganti
509 2484 513 2496 “
530 2472 665 2540 levitate
693 2495 752 2540 sur
795 2474 839 2541 de
886 2473 948 2540 hro
988 2493 1027 2540 re
1059 2468 1203 2537 Ovidius
1229 2465 1269 2554 ι)

99 2643 108 2657 ,
141 2595 145 2604 “
236 2591 390 2678 scripsit,
426 2591 623 2678 prsetertim
670 2593 699 2660 ei
728 2591 921 2662 recuratius
947 2591 989 2658 tie
1022 2585 1123 2680 poree
1153 2584 1270 2654 Cereri

237 2705 457 2795 immolanda,
487 2729 536 2795 ee,
564 2731 650 2799 quse
685 2714 905 2802 praesciunt,
928 2703 1184 2812 ruminaveris.
1226 2703 1268 2772 In

239 2826 446 2914 Virgiliis)
471 2841 583 2898 eutem
617 2834 828 2921 testimonio,
860 2831 954 2920 quod
983 2852 1045 2918 pro
1067 2823 1267 2916 gravissimo

234 2945 400 3032 hebetur,
423 2961 513 3018 certe
542 2948 577 3012 id
608 2953 735 3016 mirum
762 2964 830 3037 eet,
853 2949 943 3038 quod
971 2949 1059 3014 inter
1093 2967 1152 3027 er,
1175 2960 1267 3032 -qttet
1361 3027 1364 3034 .

126 3049 133 3070 ⁸
234 3065 388 3136 maxime
412 3087 534 3134 nouere
563 3067 690 3133 ritibus
723 3079 821 3156 poste
853 3066 951 3152 diste,
984 3065 1152 3134 silvestres
1184 3083 1267 3130 uros

235 3183 372 3274 quidem
400 3195 434 3250 et
466 3205 604 3273 cupreus
629 3197 667 3250 et
688 3208 770 3252 ores
791 3185 971 3272 evidrsque
993 3185 1156 3263 juvencas
1180 3203 1267 3250 enu-

234 3315 361 3390 meret,
383 3302 477 3391 eepri
505 3325 586 3369 vern
615 3304 747 3370 nullum
776 3304 982 3370 mentionem
1011 3301 1103 3373 fecit.
1145 3302 1267 3390 Neque

235 3434 367 3512 postea,
385 3422 449 3489 ubi
474 3422 517 3489 de
539 3444 579 3488 eo
594 3421 803 3490 immolando
825 3423 1007 3512 loquitur„
1019 3421 1090 3489 istis
1107 3419 1266 3488 animuli-

231 3538 296 3608 bus
318 3563 396 3608 eum
414 3541 516 3610 etiem
537 3541 811 3632 perniciosiorem
829 3543 949 3610 vinetis
972 3541 1051 3608 dicit
1059 3586 1070 3626 ,
1091 3541 1149 3639 sed
1180 3541 1266 3614 rimo,

232 3782 257 3850 t)
293 3780 358 3835 leett.
375 3783 396 3834 1.
413 3783 469 3836 353.
486 3799 543 3850 sqq.

232 3921 259 3979 nl
292 3915 389 3981 Georg.
406 3915 442 3969 ΙΙ.
460 3917 517 3971 380.
533 3931 591 3984 sqq·
