2902 4704
249 304 327 397 118

245 495 297 552 ret
323 483 470 574 aliquid,
494 486 672 574 cupidius,
705 501 806 574 qnam
831 491 972 576 rectius,
1003 489 1171 558 Bentleins
1194 510 1274 558 cum

247 603 320 670 aliis
337 607 532 674 testimoniis
542 605 739 674 coniunxit:
766 609 858 675 Olim
874 611 1275 679 corminihne'deBncclso

194 748 201 762 “
246 724 379 810 corintio
402 725 590 812 certabant,
614 747 699 812 qnae
718 736 752 790 et
769 727 923 812 Satyrion
949 731 1152 798 dicebantur.
1197 731 1276 800 Post

246 862 342 926 vero,
364 843 494 928 ngreaci
515 842 563 911 acl
578 842 773 942 trognadioa
798 843 1008 934 scribendos,
1036 850 1206 938 paulatim
1229 847 1277 916 od

238 955 382 1048 fizbnlcn
419 971 451 1024 et
479 959 637 1026 historiae
668 953 974 1046 oeconomorum,
1004 969 1098 1034 nulla
1131 968 1276 1058 amplius

246 1075 376 1145 Bocchi
401 1079 568 1145 mentione
584 1075 704 1164 facto,
726 1079 814 1144 unde
838 1091 871 1148 ct
888 1079 949 1162 lenc
971 1083 1197 1150 acclamatum
1214 1095 1274 1169 on,

249 1195 354 1278 (nihil
372 1193 414 1262 ad
430 1195 617 1279 Bacchum)
642 1207 673 1262 et
691 1197 914 1264 Chamaeleon
930 1201 968 1264 in
991 1200 1076 1264 libro
1101 1201 1144 1266 de
1169 1201 1276 1268 Theo-

238 1313 323 1402 pide
350 1314 483 1381 similla
522 1327 650 1384 narrat.
703 1316 796 1398 Quid
830 1317 920 1384 enirn
956 1317 1045 1382 istud
1087 1329 1160 1396 est,
1182 1311 1276 1404 quod
1344 1365 1346 1371 -
1392 1343 1396 1353 ’

245 1431 327 1522 olim
357 1445 497 1500 certasse
521 1435 655 1522 scriptia
680 1437 860 1520 dicuntur,
882 1459 964 1524 onoc
990 1447 1023 1501 et
1045 1434 1190 1526 satyrica
1215 1457 1275 1504 vo·

241 1542 431 1616 nodantur?
453 1551 594 1642 Satyron
611 1554 765 1623 videlicet
798 1533 947 1646 prinmm
970 1555 1010 1623 in
1027 1553 1193 1639 Dorihus,
1216 1572 1273 1617 ar-

242 1679 275 1736 te
300 1667 414 1758 eliqua
448 1672 592 1762 politos,
620 1677 740 1742 ,Arion
768 1675 922 1762 induxit,
950 1689 1038 1743 -ante
1068 1670 1274 1762 Thespidem

242 1788 338 1856 annis
369 1787 440 1856 fere
476 1793 642 1878 octoginta
651 1815 666 1876 ;
696 1816 756 1860 neo
777 1779 855 1860 sane
879 1795 1002 1861 Icariae
1022 1794 1276 1860 'colonicorum
1365 1870 1368 1876 1

247 1906 430 1974 instituisse
448 1909 631 1975 certamina
651 1909 869 1994 vi·dcntur,ut
886 1912 945 1997 qni
962 1913 1082 1977 rudius
1104 1911 1275 1974 Bacchum

243 2025 412 2113 colerent,
448 2037 498 2108 et,
529 2026 606 2092 licet
636 2026 885 2113 tragoediarum
907 2035 1079 2110 cantores,
1110 2039 1275 2112 tanquam

243 2147 393 2233 egregios
411 2145 562 2232 artifices,
584 2145 736 2234 proemio
754 2145 866 2232 aliquo
884 2147 1108 2212 honorarent:
1127 2143 1273 2232 Satyro-

243 2285 321 2330 rum
341 2265 512 2332 lasciviam
529 2264 710 2330 incomtam
736 2261 834 2330 facile
862 2285 978 2332 omnes
1009 2261 1072 2351 ipsi
1092 2262 1271 2349 exprime-

242 2393 329 2452 rent.
374 2384 433 2452 Sin
454 2397 566 2452 autern
587 2381 812 2472 satyricorum
837 2383 974 2452 nomine
992 2383 1133 2448 omnino
1153 2392 1271 2447 cantus

243 2499 423 2570 Bacchioos
447 2504 529 2572 velis
552 2501 747 2588 significari:
771 2503 845 2590 quia
864 2525 1014 2591 unquam
1041 2500 1186 2592 phalliea
1212 2509 1273 2580 ant

243 2619 479 2710 dithyrambos
508 2621 651 2711 satyrica
675 2633 791 2688 vocata
827 2643 896 2692 essa
921 2613 1113 2690 audiverit?
1136 2617 1271 2684 Falsum

244 2761 329 2809 vern
342 2742 441 2808 etiam
456 2743 489 2808 id
510 2755 569 2829 est,
593 2741 685 2830 quod
705 2741 824 2808 Suidas
840 2753 975 2829 satyros
991 2739 1158 2828 tragoedia
1175 2736 1275 2825 prio·-

241 2881 294 2926 res
321 2858 409 2926 fecit.
451 2862 572 2950 Neque
601 2843 823 2947 intelligilur,
862 2859 1032 2946 quomodo
1066 2856 1128 2923 iste
1160 2855 1266 2920 serius

241 2977 378 3042 demum
397 2977 458 3045 hos
480 2983 520 3045 ad
539 2978 668 3046 fabulas
699 2971 879 3044 conversos
904 2999 972 3043 esse
993 2987 1109 3060 cantus
1136 2973 1272 3062 dixerit3

244 3091 412 3182 siqnidcrn
437 3085 548 3164 omnis
577 3098 631 3164 illa
651 3097 761 3202 poesis
782 3096 818 3162 in
834 3095 958 3162 fabulis
973 3083 1013 3162 'et
1029 3095 1148 3160 Bacchi
1170 3093 1271 3160 rebus
1317 3087 1321 3093 ’

241 3216 438 3282 versabatur
456 3217 671 3284 celebrandis.
715 3214 801 3300 Sed,
825 3214 906 3302 quid
925 3213 1016 3280 enim
1034 3205 1167 3280 multa?
1189 3210 1272 3276 Sui·-

237 3319 376 3420 das‚asit
396 3336 547 3423 quisquis
566 3335 650 3400 alius
671 3333 730 3398 iata
751 3345 829 3398 ante
847 3355 924 3400 enm
941 3331 1136 3418 conscripsit
1161 3327 1270 3411 1)‚in-

238 3449 381 3518 feliciter
401 3465 434 3520 et
453 3453 645 3520 Aristotelis
665 3464 697 3517 et
716 3452 886 3518 Plutarchi
903 3451 980 3518 illos
996 3453 1087 3516 locos
1105 3444 1271 3534 compila-
1334 3489 1337 3494 -

238 3571 298 3655 vit‚·
310 3573 401 3660 quod
427 3593 507 3640 vero
526 3571 748 3638 Chamaeleon
766 3571 803 3636 in
821 3571 909 3666 libro
924 3592 986 3636 suo
1002 3565 1110 3632 simile
1129 3564 1270 3654 quidde

240 3776 262 3844 t)
295 3777 366 3844 „Qui
382 3781 501 3831 conflavit
528 3778 622 3831 Suidac
635 3780 745 3840 lexicon,
753 3795 818 3845 opus
838 3775 914 3828 nobis
941 3776 968 3826 iu
989 3774 1036 3827 lare
1055 3772 1125 3826 clade
1142 3773 1269 3826 librorum

236 3874 351 3914 veterum
368 3863 548 3924 utilissimum,
566 3862 705 3915 lioniinern
718 3879 771 3913 cesa
789 3875 943 3912 noveramus
958 3857 1090 3928 stupidum
1111 3869 1137 3910 et
1161 3858 1270 3924 imperi-
1321 3909 1324 3919 s

237 3957 289 3994 tum
298 3945 313 3972 ’'
332 3958 379 3995 cet.
397 3943 485 3996 Val'ch.
502 3942 535 3994 ad
554 3945 686 3995 Theocrit.
705 3962 731 4012 p.
749 3941 809 4013 296.
