2902 4704
1026 438 1030 453 s
1130 355 1205 439 ¹17.

176 507 238 572 das
262 513 302 588 ι)
325 501 515 586 invenisse,
538 499 605 566 hoe
623 512 689 588 est,
713 499 752 577 ad
782 500 985 587 tragoediam
1017 500 1207 570 adhibuisse

182 633 397 689 tetrametros
416 617 538 705 refert,
561 618 661 685 etiam
682 620 840 684 trimetris
863 639 1111 707 nonnunquam
1129 633 1208 690 usus

179 763 255 807 esse
277 739 414 806 videtur
441 737 496 829 s),
518 751 550 802 et
566 735 694 803 fabulas
721 737 779 803 ille
802 735 935 826 scripsit
964 737 1099 826 plures,
1121 752 1211 806 certa

181 881 253 925 non
286 855 459 946 satyrioas.
500 853 660 943 Idemque
686 855 728 922 de
759 856 936 951 saltatione
948 857 1136 922 tenendum
1152 870 1210 944 est,

180 977 218 1043 in
248 999 315 1064 qua
343 977 432 1064 apud
465 974 678 1042 Athenaeum
706 975 741 1064 ὅ)
764 997 835 1042 non
864 974 1008 1063 Thespis
1039 975 1152 1040 solnm
1179 987 1212 1040 et

179 1088 354 1181 Pratinss,
393 1115 479 1181 quos
507 1094 550 1157 ad
588 1106 728 1181 satyros·
759 1093 979 1179 relegaveris,
1018 1093 1075 1158 sed
1110 1096 1212 1166 etiarn

178 1213 397 1297 Phrynichus
427 1211 623 1278 excelluisse
650 1211 817 1292 traditur,
839 1213 935 1276 ouius
960 1210 998 1275 in
1030 1183 1211 1298 trsgoediia

178 1318 391 1408 saltationem
422 1331 773 1412 vehementissimam,
803 1351 960 1416 esusque,
990 1331 1212 1416 arridetur,

177 1451 383 1519 simillimam
418 1448 648 1536 Thespideae‚
670 1448 840 1536 aptissime
869 1447 911 1513 ad
940 1467 1012 1515 rem
1048 1461 1211 1531 nostram,
1297 1477 1300 1492 ¹

179 1571 420 1655 Aristophanes
431 1567 599 1632 describit.
625 1569 660 1658 4)
691 1565 832 1647 ‘Quibus
851 1567 1031 1652 adiungere
1045 1565 1214 1654 epigrama

181 1705 238 1752 sna
264 1685 342 1752 lieet
366 1685 449 1750 illud
467 1689 522 1772 5),
538 1687 581 1750 in
601 1679 669 1775 quo
698 1685 938 1773 Phrynichus,
963 1689 975 1766 (
987 1683 1059 1769 ipse
1081 1685 1212 1750 entma'

183 1800 361 1870 Plutarcho
377 1804 447 1869 eius
468 1816 584 1870 auctor
611 1804 832 1894 perhibetur),
854 1814 904 1870 tot
929 1821 966 1867 se
988 1799 1132 1866 saltandi
1147 1821 1213 1866 noa

184 1921 266 1988 sisse
293 1922 419 1989 formas
446 1924 628 2009 gloriatur,
653 1935 737 2010 quot
767 1923 915 1988 hiberna¹
931 1929 1032 1986 noete
1063 1919 1099 1986 in
1129 1941 1207 1985 sna-

180 2027 212 2112 ri
237 2039 359 2108 fluctus
383 2055 591 2109 moneantur.
614 2043 656 2129 6)
701 2045 816 2128 Atqhe
840 2039 970 2105 euhoe
995 2039 1212 2126 potissimum

181 2162 371 2227 Aristotelis
393 2163 469 2226 looo
487 2160 701 2227 Dioscorides
717 2179 819 2242 suum
840 2159 943 2242 illud,
967 2157 1059 2245 quod
1078 2161 1214 2246 saepius

180 2276 415 2366 laudavimus,
438 2278 641 2367 expressisse
668 2279 874 2366 epigramma
910 2277 1063 2362 ridetnr3
1081 2317 1083 2325 ·
1099 2278 1208 2363 quod,

180 2419 260 2462 enm
294 2419 403 2483 neque
433 2411 563 2466 nostrae
590 2397 744 2486 opinioni
774 2406 956 2482 repugnet,
993 2415 1102 2481 nsque
1130 2399 1213 2463 novi

182 2516 362 2602 quiequam
385 2515 518 2602 afferat,
548 2518 690 2585 missum
720 2513 871 2580 issimus.
1126 2589 1128 2594 Ι

193 2676 198 2686 -
288 2633 520 2722 Apponendns
559 2635 615 2701 hio
655 2645 793 2723 propter
835 2633 941 2720 ipsam
977 2633 1214 2700 confusionem

182 2771 277 2816 suam
311 2751 433 2820 Suidse
466 2755 527 2820 iste
546 2752 640 2820 loeus
666 2753 816 2836 videtur,
841 2771 946 2838 quem·
970 2751 1064 2837 qussi
1081 2751 1209 2838 proba-

183 2921 208 2989 ι)
242 2927 275 2979 V.
286 2921 454 2992 Phrynichus·

181 3037 207 3103 2)
242 3060 267 3091 v.
284 3060 316 3092 ex
332 3044 386 3092 eius
399 3043 528 3120 Phhnissis
542 3061 625 3094 unum
639 3059 741 3094 versum
763 3059 776 3092 a
794 3041 892 3094 Glauco
906 3043 1020 3108 llhegino
1039 3023 1209 3096 memoratum

180 3124 208 3172 in
219 3122 308 3176 Aeseh.
319 3125 401 3176 Peras.
409 3129 561 3178 summario:
578 3139 653 3192 atque
666 3129 743 3178 alium
755 3126 823 3191 apud
836 3126 1005 3191 Athenaeum,
1018 3123 1138 3194 deipngp.
1147 3123 1212 3182 ddds

181 3237 207 3304 5)
242 3237 329 3306 dsipn.
345 3257 371 3307 p.
387 3255 429 3292 πα.

181 3368 208 3434 d)
240 3387 327 3440 respp.
342 3389 367 3423 v.
385 3371 458 3439 1478.
474 3387 530 3439 sqq·
557 3371 705 3442 1490·.sqq·'.

183 3497 210 3565 5)
243 3499 368 3558 I’lutarols·
384 3503 505 3573 Sympos.
522 3503 597 3557 VIII.
610 3523 636 3576 9·

183 3629 210 3692 6)
245 3631 359 3688 Omnino
377 3650 416 3701 en,
432 3637 502 3704 quod
522 3636 672 3691 Aristotelea
696 3636 850 3705 tragoediam
879 3639 956 3690 initio
973 3640 1031 3704 plna
1069 3637 1208 3694 saltationis

182 3713 311 3780 habuisse,
328 3735 402 3783 qnam
422 3736 507 3786 postes
537 3721 624 3783 refert,
648 3740 700 3772 non
725 3734 778 3772 tam
800 3722 912 3783 satyrica
935 3723 978 3771 illa
1001 3723 1044 3782 tit,
1069 3736 1145 3783 qusm
1180 3737 1214 3771 ax

182 3795 267 3846 ehoris
285 3800 337 3849 ains
355 3806 424 3868 origo
441 3805 602 3869 significatur.
636 3801 713 3866 Quod
735 3805 836 3869 probari
854 3807 929 3855 etiarn
951 3821 981 3854 eo
1002 3801 1121 3862 videtur,
1142 3799 1213 3866 quod

180 3877 251 3945 apud
270 3879 409 3936 Homerum
431 3881 474 3948 (tt.
495 3883 689 3947 mli-261.)
709 3887 842 3938 saltatores
858 3898 1035 3940 memorantur
1059 3885 1086 3933 in
1111 3881 1222 3948 chorais·

180 3961 312 4013 nectendis
335 3961 494 4023 incellentes.
1157 3989 1158 3992 ¹
