2894 4700
1122 221 1203 337 275

121 410 124 416 '
152 395 376 484 ,Herculem
399 396 459 484 qui
485 407 518 464 et
535 394 700 486 plurimae
714 391 1071 462 amav'ieaet'mulierea
1096 411 1129 463 et
1158 421 1202 467 ex

52 509 58 520 ‘
166 515 349 584 Deianirae
391 525 464 582 arta
504 515 692 582 miserrimc
722 512 873 602 periiaaet
901 504 960 597 al?
996 515 1068 580 Neo
1088 526 1201 584 tamen

163 645 262 724 poeta
290 633 447 700 virorum
466 631 591 723 colum,
615 633 673 701 aad
700 633 805 700 etiam
820 629 1006 698 mulierum
1027 635 1202 729 ostendere

165 750 398 818 infelicitatem
420 751 540 840 voluit,
554 771 597 818 ex
620 751 736 816 amoro
751 761 870 816 ortam.
914 750 1028 830 Quare
1043 749 1202 822 Deianira

164 871 312 956 primam
335 870 657 936 malommauorum
677 889 810 936 murem
830 867 894 936 eibi
911 868 1201 958 pulchritudinem

163 983 371 1084 fuiaaeauam
382 989 472 1076 dicit,
487 990 635 1076 itemque
649 1000 761 1077 postea
779 991 929 1056 maxime
941 983 1127 1080 'propterea
1144 1019 1200 1064 ne·

163 1117 220 1194 gat
236 1129 379 1196 sepcase
400 1107 492 1176 lolae
513 1107 622 1192 irasci,
645 1108 736 1196 quod
755 1129 829 1173 eam
854 1109 897 1172 ob
912 1111 1200 1195 pulchritudinem

165 1245 259 1293 auam
278 1238 311 1292 et
327 1226 486 1294 Herculia
510 1247 662 1292 amorem
680 1226 788 1311 patria
805 1238 904 1313 atque
918 1228 1071 1297 libertate
1088 1233 1201 1302 videat

163 1343 345 1433 privatam.
369 1345 532 1412 Graviter
540 1353 708 1429 praeterea
725 1354 910 1429 nuptarum
926 1343 1057 1420 triatem
1073 1331 1199 1420 sortem

162 1463 218 1530 illa
235 1465 402 1551 describit,
420 1463 547 1551 quippe
563 1483 798 1548 quaecamper,
816 1457 919 1527 modo
938 1461 1102 1533 delibaris
1118 1471 1198 1552 auia,

163 1585 268 1649 modo
299 1587 341 1650 de
379 1583 501 1648 marito
535 1561 635 1648 curae
665 1579 797 1666 aliquae
841 1581 987 1648 habeant
1026 1584 1195 1654 collicitae.

164 1697 260 1780 Quae
275 1702 423 1790 quidem,
438 1712 477 1766 ut
493 1699 586 1766 omni
604 1711 758 1786 tempore
778 1711 935 1788 ex2prrte
952 1723 1034 1770 vera
1051 1717 1139 1774 aunt:
1152 1710 1198 1776 cic

165 1840 206 1886 eo
228 1831 309 1885 tunc
324 1831 420 1887 erant
437 1821 583 1904 cartoro,
600 1840 669 1905 quo
692 1818 876 1904 mulierum
899 1820 1061 1909 conditio,
1079 1827 1195 1893 maxi.

166 1959 223 2007 me
253 1952 329 2026 poet
353 1939 544 2006 meretriceo
571 1939 658 2004 iataa·
675 1938 710 2004 in
730 1935 907 2006 Graeciam
934 1941 1104 2032 inductae,
1127 1959 1200 2012 erat

166 2057 331 2124 miserior.
378 2059 448 2125 Nec
482 2059 624 2125 veroin
656 2058 806 2124 minimis
826 2057 869 2123 id
896 2055 1058 2128 Deianira
1091 2065 1199 2152 ponit,

165 2177 258 2266 quod
284 2199 417 2266 temper
441 2177 606 2245 Herculea
624 2177 704 2244 aliae
724 2190 909 2267 praeterae
927 2181 1085 2250 mulieres
1109 2205 1197 2252 ama·

55 2347 57 2350 -
164 2296 273 2383 verit3
295 2299 353 2364 aed
379 2297 480 2364 huius
499 2297 651 2364 licentiae
672 2299 701 2364 ei
719 2321 754 2364 ae
774 2296 874 2362 facile
900 2298 1028 2366 dedisse
1053 2302 1197 2393 veniam,
1289 2292 1291 2294 ¹

166 2415 327 2505 quoniam
355 2416 439 2482 bene
464 2416 561 2498 aciat,
583 2416 707 2481 amorio
737 2415 814 2480 vim
840 2435 910 2480 esee
940 2416 1195 2507 inexpugnabi-

166 2535 254 2624 lem3
277 2555 398 2603 verum
431 2544 542 2597 tamen
575 2531 609 2597 id
642 2532 749 2598 videri
776 2533 839 2599 eibi
869 2533 1043 2624 acerbius,
1073 2537 1101 2602 ai
1131 2531 1198 2606 iam

168 2675 246 2720 eum
264 2654 338 2720 Jole
365 2663 542 2740 cogeretur
558 2648 674 2716 eadem
697 2650 731 2714 in
751 2652 853 2716 domo
870 2648 1001 2741 virere,
1025 2657 1199 2746 illamque,

166 2773 347 2858 iuvenem,
369 2771 482 2839 videre
510 2769 550 2834 ab
574 2762 697 2834 marito
719 2768 787 2834 eibi
811 2774 1042 2860 antepositam.
1088 2775 1128 2843 In
1146 2779 1216 2870 hia·

166 2892 271 2979 igitur
297 2901 330 2958 et
353 2889 533 2956 Deianirae
566 2899 601 2954 et
627 2887 720 2952 Jolae
748 2889 790 2954 ab
820 2911 936 2957 amore
969 2893 1200 2966 infelicitatem

138 3033 142 3044 ’
168 3031 363 3101 expressam
390 3010 565 3094 videmua3
588 3017 760 3096 praeterea
795 3031 876 3075 vero
905 3012 1062 3098 pluribus
1084 3013 1121 3082 in
1144 3015 1203 3082 io·

166 3202 192 3269 ι)
209 3201 295 3272 Quid,
312 3205 334 3254 ei
347 3203 420 3268 plura
437 3203 463 3252 in
478 3211 565 3251 noatra
577 3199 662 3249 fabula
681 3197 821 3264 Sophoclea
833 3203 945 3253 maxime
959 3205 985 3256 in
995 3199 1111 3257 -Perialia
1126 3223 1202 3260 amo·

167 3307 209 3342 raa
229 3290 288 3340 illoa
309 3285 412 3340 dixer-iti
428 3284 554 3336 Mirabilia
573 3297 599 3334 et
618 3283 750 3334 comoedia
763 3286 865 3350 potina,
881 3302 958 3350 quam
974 3288 1104 3354 tregoedia
1127 3290 1202 3357 digna

167 3375 227 3424 talia
245 3374 278 3423 iic
291 3369 372 3422 videri
386 3371 485 3431 acient,
502 3368 545 3432 qai
560 3381 593 3416 aa
605 3370 697 3417 uostris
714 3367 829 3418 moribue
844 3368 955 3420 iudicare
970 3369 1002 3420 de
1014 3373 1123 3436 antiquie
1137 3389 1202 3422 cou-

167 3468 310 3511 euareram.
345 3453 398 3509 Sed
414 3449 578 3519 cogitandum
601 3463 645 3511 aaa,
663 3452 720 3500 illoa
740 3463 827 3516 poetar
847 3471 904 3504 ama
923 3451 969 3504 uni
990 3453 1049 3506 urbi
1070 3457 1202 3524 conrecip-

168 3541 229 3592 aiaae
254 3537 367 3600 labalaa,
385 3551 411 3588 et
424 3553 491 3604 caue
506 3537 586 3586 multa
605 3535 701 3601 exponi
721 3548 781 3583 enm
801 3539 892 3602 tragica
921 3534 1055 3589 aeveiinn
1074 3551 1200 3603 portum,

169 3635 233 3684 quaa
247 3619 373 3685 apdaaime
389 3635 435 3670 ano
451 3615 532 3668 mado
549 3613 680 3666 comoedia
696 3615 877 3679 peratriuxerit
905 3619 935 3671 ln
952 3622 998 3671 hae
1012 3633 1096 3670 autem
1110 3636 1202 3686 quaar-

168 3705 237 3756 tioue
252 3703 429 3768 gratissimum
445 3702 471 3754 id
487 3702 618 3762 habemua,
634 3697 703 3765 quod
720 3697 869 3754 Plutarchus
887 3703 993 3764 (Patet.
1009 3721 1031 3753 c.
1044 3704 1097 3766 24.)
1115 3705 1200 3770 ΑΨ..

125 3823 128 3830 ,
169 3791 235 3842 aiam
249 3789 276 3838 in
296 3785 433 3836 comoediia
453 3802 526 3852 caepe
542 3797 568 3836 et
583 3784 739 3852 Omphalam
752 3796 777 3835 et
790 3787 920 3844 lunonem
935 3799 961 3839 et
981 3786 1128 3837 Daimiram
1149 3799 1200 3836 ve·

169 3884 252 3928 catam
266 3885 319 3922 eam
333 3867 419 3924 ralart.

855 3969 893 4035 18
1080 3934 1155 4004 Ἢ
