2876 4704
1112 283 1117 312 l

186 481 255 549 scio
279 477 382 570 qaid,
405 481 505 568 canit,
535 499 665 567 neque,
683 490 784 546 otest
808 477 900 568 apud
927 481 1157 571 Aristotelem,
1181 509 1224 556 ex
1282 523 1289 556 ι

185 613 343 689 tempore
369 598 454 665 fusis
486 599 636 664 cantibus
671 599 712 664 ad
742 599 903 666 laetitiam
931 601 1062 668 animos
1089 607 1222 693 exeitat3

184 719 243 785 sed
281 729 414 784 eertum
447 717 614 805 quoddam
656 739 804 806 carmen,
843 719 973 786 Linum
1007 732 1124 790 motat.
1170 723 1223 791 De

185 858 254 924 quo
271 842 404 923 praeter
429 835 510 921 alia,
548 843 632 924 quae
665 838 875 904 tradiderunt
912 850 1060 925 vetares,
1083 841 1126 906 ad
1159 864 1221 909 nos

148 944 152 951 ¹
185 954 222 1020 id
256 925 406 1020 maxime
441 956 605 1042 pertinet,
658 957 750 1043 quod
788 955 982 1024 Eustathius
1026 957 1112 1025 illud
1158 982 1221 1027 no·

186 1095 266 1140 suen
284 1074 445 1162 accepisse
461 1073 501 1138 ab
529 1085 664 1140 auttore
682 1075 770 1142 Lino
789 1075 911 1163 refert,
933 1076 1117 1166 Theban03
1146 1079 1220 1147 esni

186 1215 270 1257 vero
309 1192 341 1258 id
364 1193 499 1258 solitum
527 1215 597 1258 esse
622 1185 752 1279 pariter*
773 1195 809 1258 in
827 1195 978 1260 tristibus
1012 1208 1044 1262 et
1078 1198 1115 1264 in
1142 1198 1218 1264 lae·-

182 1311 224 1376 tis
266 1285 366 1376 relius
385 1311 499 1400 docet,
522 1309 687 1376 nimirum
717 1309 819 1377 simili
849 1309 920 1378 iere
944 1335 1058 1401 more,
1087 1327 1126 1382 ut
1155 1339 1217 1383 su·

179 1453 242 1520 pra
267 1429 312 1496 ab
351 1451 429 1496 sene
454 1431 517 1495 isto
560 1429 696 1514 Attico,
724 1430 760 1495 in
792 1440 873 1516 potu
909 1442 941 1496 et
977 1431 1115 1520 laetitia,
1147 1447 1217 1502 tra·

180 1551 315 1635 goedias
338 1551 471 1615 saltataa
498 1569 569 1612 esse
594 1547 751 1632 vidimus,
781 1559 900 1614 natura
935 1569 994 1614 sua
1014 1551 1133 1618 tristes.
1177 1551 1216 1621 In

184 1669 287 1734 altero
320 1680 434 1758 autem
456 1667 606 1732 Homeri
629 1667 703 1731 loco
722 1663 885 1753 primum,
904 1666 1002 1732 siouti
1019 1669 1057 1732 in
1082 1667 1157 1753 hoo,
1175 1671 1216 1736 de

188 1809 254 1872 quo
278 1787 435 1871 diximus,
459 1796 625 1852 vetustam
652 1783 800 1872 aliquam
823 1783 1045 1868 saltationem,
1076 1806 1217 1874 eamque

189 1904 376 1973 Cretensem
401 1907 574 1991 habemus,
587 1903 803 1985 Daedaleam,
812 1923 890 1969 oum
913 1903 1052 1970 aetionis
1070 1906 1215 1992 quadam

183 2025 385 2114 imitatione,
408 2036 444 2092 ut
459 2025 612 2111 videtur,
636 2023 861 2090 coniunctam.
888 2021 920 2110 ι)
963 2021 1135 2090 Praeterea
1153 2049 1215 2094 va·

184 2167 223 2210 ro
249 2167 371 2232 graves
402 2157 434 2211 et
478 2143 710 2211 observatione
726 2142 821 2228 digni
857 2141 1028 2210 saltatores
1062 2142 1116 2210 illi
1145 2145 1214 2216 duo

183 2275 280 2351 sunt,
304 2263 362 2351 qui
393 2263 532 2332 seiuncti
566 2261 608 2330 ab
635 2261 740 2328 choro
773 2272 806 2326 et
834 2272 1002 2345 rotantes,
1033 2273 1108 2328 tum
1133 2267 1214 2330 artis

182 2383 254 2448 eius
284 2381 412 2446 cultum
448 2381 781 2466 antiquissimum's)
806 2377 994 2464 declarant,
1025 2391 1100 2446 tum
1125 2401 1216 2469 quo·

182 2498 368 2566 dammodo
401 2496 563 2562 Curetum
587 2507 618 2564 et
635 2497 870 2582 Corybantum
895 2496 1097 2566 furibundae
1121 2499 1213 2566 illius
1327 2549 1330 2554 ,

183 2615 370 2685 saltationis
387 2615 573 2702 imaginem
606 2615 777 2707 referunt,
815 2617 912 2684 Ionia
936 2618 1098 2704 elegantia
1134 2619 1214 2685 saite

185 2734 378 2806 moderatae
397 2735 455 2818 3),
478 2745 550 2799 tunt
578 2733 722 2821 denique
751 2735 926 2821 egregiam,
940 2750 1093 2802 sotorum
1120 2734 1215 2800 simi·
1280 2727 1305 2745 ’“

183 2853 365 2922 litudinem
389 2852 515 2920 habent
532 2870 667 2938 eorum,
691 2873 775 2939 quos
791 2854 987 2921 Aristoteles
1003 2873 1055 2918 ex
1076 2863 1215 2941 tempo·-

184 2997 221 3044 re
245 2973 343 3042 editis
361 2974 427 3041 suis
455 2971 626 3060 cantibus,
649 2969 854 3040 dramatioae'
868 2975 949 3042 artis
969 2972 1134 3042 iuvenisse
1149 2971 1216 3040 ori·

182 3095 296 3183 ginem
324 3091 429 3160 docet.
495 3123 498 3130 ·
650 3091 656 3100 ’

187 3267 213 3333 ι)
246 3267 371 3321 Mirabilis
390 3267 467 3320 etiam
486 3265 627 3320 Phaestum
639 3268 684 3321 ills
698 3265 796 3319 saltatio
814 3247 941 3333 est,''(0d.
961 3263 1037 3320 VIII.
1054 3257 1216 3330 αὖα-570.)

185 3349 218 3402 de
242 3369 291 3416 qus
322 3365 395 3418 poeta
426 3353 463 3402 sio
492 3352 622 3418 loquitur,
651 3365 682 3404 ut
714 3352 814 3419 lepidae
843 3353 966 3404 cannonis
995 3350 1085 3400 saltem
1115 3361 1216 3414 partam

186 3433 296 3497 aliquam
307 3435 449 3486 imitatione
471 3449 614 3500 expressam
627 3451 680 3486 esse
693 3436 820 3486 coniicias.
855 3433 958 3486 Scilicet
976 3432 1076 3498 egregie
1092 3444 1132 3482 res
1151 3443 1217 3478 oon·

185 3516 253 3564 venit
269 3513 355 3566 fertile
369 3518 510 3571 luxurianti
528 3516 566 3566 illi
582 3515 722 3568 Phaeacum
744 3515 848 3583 populo!
864 3515 948 3581 Quam
967 3531 1030 3566 vero
1049 3513 1095 3563 hae
1112 3511 1216 3561 tonicae

187 3597 289 3646 aetionis
304 3599 456 3652 imitationes
468 3601 546 3667 louge
563 3600 594 3650 sb
616 3595 694 3651 Attici
715 3597 836 3651 dramatis
856 3600 987 3650 severitate
1007 3605 1068 3648 suat
1089 3589 1215 3644 remoue!

187 3723 216 3792 a)
250 3728 282 3777 ei·
298 3730 371 3784 Hom.
394 3733 426 3785 lt.
442 3731 540 3788 xxtv.
566 3731 626 3784 261.
648 3728 702 3782 od.
726 3731 802 3784 VIII.
829 3729 966 3784 sso-tto.

186 3858 214 3924 5)
247 3860 329 3912 Etiam
352 3863 382 3913 lt.
407 3863 507 3916 XVIII.
537 3864 596 3932 494.
628 3874 805 3915 memorantur
827 3861 938 3916 Juveass
964 3862 1095 3913 saltatores
1117 3853 1150 3907 ad
1181 3855 1218 3906 ti·-

188 3942 291 3998 bimm
310 3946 470 4014 citharaeque
486 3963 580 4000 sottum
599 3956 720 3998 rotantes.

865 4035 988 4128 'ts
