2894 4700
256 225 347 368 ι286

267 405 358 498 plis,
387 406 455 472 iam
488 410 626 492 gravius
660 409 819 496 cogitaret
844 411 885 476 de
909 411 1031 482 affectu
1064 433 1122 496 eo,
1154 433 1221 530 quo
1240 413 1301 498 ip-

265 549 300 594 sc
334 504 515 614 aliquando
560 528 711 594 turbatus
744 521 860 596 fuisset
890 508 1135 596 vehementius.
1169 521 1302 596 Dein·

268 645 310 710 de
333 668 411 710 vcro
430 647 569 736 eandem
598 661 749 734 aetatem,
771 648 810 716 ni
834 632 948 736 fallor,
969 649 1083 746 omnis
1103 645 1259 721 fabulae
1250 671 1302 714 ιιι-

254 724 394 855 :stitutio
440 763 631 860 significat,
662 769 787 858 quippe
832 753 988 857 inqua,
1025 791 1105 834 cum
1143 767 1301 835 modera-

267 883 393 978 tissima
437 883 559 950 mulier
592 871 629 950 re
673 909 754 953 vera
796 889 922 976 primas
961 887 1127 974 obtineat,
1159 886 1302 952 Hercu-

256 999 318 1107 lis,
339 1001 464 1066 summi
494 1001 618 1092 herois,
638 1019 747 1094 partes
772 1006 819 1071 sic
847 1007 1024 1072 adornatas
1046 1007 1230 1090 videamus,
1261 1019 1302 1072 ut

256 1091 453 1210 splendoris
484 1132 583 1229 atque
616 1125 904 1212 magnificentiae,
948 1137 1133 1212 quantum
1153 1137 1300 1214 possent,

266 1239 449 1306 minimum
477 1217 650 1308 haberent.
695 1243 784 1324 Quid
807 1267 890 1310 vero
908 1244 949 1309 dc
964 1243 1099 1310 lenitate
1117 1243 1175 1314 illa
1198 1255 1301 1332 atque

258 1338 472 1425 humanitate
490 1333 600 1426 dicam
608 1363 786 1448 ,eximia,
809 1386 875 1450 qua
902 1373 998 1452 poeta
1022 1385 1093 1426 non
1119 1349 1272 1428 solum
1263 1387 1301 1429 ιιι

257 1464 463 1566 Deianirae,
495 1481 552 1545 sed
579 1482 678 1546 etiam
712 1484 749 1548 in
772 1483 898 1548 Lichae
933 1481 1084 1577 moribus
1127 1503 1206 1544 usus
1247 1494 1301 1577 est

265 1591 559 1697 conformandis?
569 1587 652 1688 quid
669 1613 840 1698 praetcrea
865 1601 964 1666 deco
983 1622 1139 1666 moneam
1160 1597 1298 1688 peritos,

256 1693 393 1806 quod
384 1739 419 1781 ιιι
445 1689 624 1787 Deianirae
650 1721 743 1786 omni
771 1708 906 1808 ingcnio
936 1731 968 1786 et
994 1730 1131 1800 natura
1140 1713 1302 1783 muliebri

266 1831 489 1923 exprimendo
516 1835 700 1924 Sophocles
725 1840 795 1903 eius
820 1859 920 1904 sexus
944 1861 1014 1904 non
1044 1839 1148 1904 modo
1181 1837 1302 1924 cogni·

258 1955 392 2058 tionem
408 1965 477 2020 tam
476 1967 826 2058 accuratamtamque
843 1957 1043 2046 subtilem,
1036 1957 1180 2024 sedeam
1197 1957 1300 2022 etiam

258 2015 494 2139 ¹reverentiam
507 2075 703 2192 prodidit,
733 2099 856 2162 qnam,
879 2077 945 2140 illis
972 2089 1059 2141 certe
1077 2077 1300 2165 temporibus,

170 2257 172 2267 ,
261 2159 358 2273 haud
386 2191 457 2257 fere
490 2172 722 2308 quamquain
723 2193 910 2260 habuisse'
900 2217 1058 2259 1uvenem
1086 2187 1296 2261 credideris?

264 2309 424 2398 Accedit,
448 2299 546 2402 qnod
565 2301 746 2379 Deianirae
770 2325 881 2404 partes
907 2323 958 2377 tot
996 2312 1165 2377 sententiis
1191 2289 1299 2400 aptis-

259 2428 371 2524 simis,
389 2432 480 2497 ad
452 2455 522 2499 erus
518 2429 643 2537 ipsius
661 2457 728 2498 non
740 2436 974 2521 minus,quam
993 2433 1034 2497 ad
1048 2431 1200 2496 omnium
1219 2454 1301 2496 mu-

258 2531 392 2616 ⁴l'ierunr
411 2565 534 2660 sortem
547 2535 801 2640 pertinentibus,
819 2553 992 2618 distinctae
1010 2563 1042 2616 et
1058 2561 1195 2616 ornatae
1210 2561 1301 2635 sunt,

259 2660 352 2738 'utin
373 2669 437 2736 hoc
454 2693 589 2758 quoque
610 2684 727 2760 poetae
748 2683 781 2736 et
795 2672 947 2758 peritiam
961 2683 993 2736 et
1011 2692 1147 2734 morum
1176 2669 1301 2801 depin:

265 2792 455 2880 gendorum
495 2789 642 2856 studium
677 2789 761 2854 illud
793 2810 1031 2876 agnoscamus,
1062 2787 1117 2851 cui
1159 2787 1273 2876 ipse,
1270 2787 1300 2851 si

259 2887 449 2974 'Plutarcho
480 2910 581 2975 iidem
615 2909 776 2974 habemus
796 2913 859 2995 a),
896 2909 1044 2972 maxime
1065 2929 1100 2971 ιιι
1118 2905 1300 2996 postremis

260 2999 337 3098 'suis
365 3027 488 3092 fabulis
511 3050 545 3091 se
562 3013 736 3091 indulsisse
761 3027 889 3091 solebat
915 3027 1033 3092 dicere.
1080 3027 1196 3112 Atque
1217 3023 1301 3097 haec

260 3147 419 3236 qnidam,
436 3144 591 3251 universe
592 3145 792 3237 disputata,
815 3157 854 3209 ut
871 3145 1111 3250 verisimillima
1134 3155 1231 3230 snut,
1254 3145 1302 3211 ita

268 3263 530 3356 reprehensione
556 3263 653 3330 facile
688 3266 864 3353 carebunt,
888 3265 986 3330 sed
977 3289 1012 3330 ιιι
1040 3263 1221 3349 ancipitem
1247 3286 1301 3330 res

268 3387 378 3452 locum
414 3385 610 3487 deducitur,
641 3407 718 3450 cum
742 3385 949 3502 accuratius,
981 3404 1049 3476 quo
1084 3360 1301 3496 potissimum

270 3557 350 3617 ilde
372 3555 490 3625 proiectu
521 3559 580 3612 virt.
608 3575 633 3625 p
656 3559 714 3627 294
738 3555 880 3623 Sophoalca
906 3555 993 3608 diacre
1021 3549 1141 3616 solebat,
1171 3552 1252 3608 initio
1266 3574 1304 3608 ,ιο

271 3641 400 3712 Aeaclryli
422 3650 560 3704 tumorem,
579 3651 690 3720 postca
704 3639 889 3711 acerbitatem
901 3647 930 3688 at
943 3635 1130 3722 artificioqorn
1158 3636 1305 3690 dictionem

248 3739 326 3780 'csse
354 3726 505 3784 imitatum
533 3734 667 3793 nostremo
693 3741 768 3786 cero,
796 3701 894 3771 relicto
922 3739 953 3770 ea
971 3725 1083 3780 ratione,
1108 3738 1138 3771 ae
1154 3713 1234 3770 ida'r
1211 3737 1305 3788 genus

270 3813 342 3863 artie
370 3816 487 3862 secutum
509 3827 574 3870 aare,
598 3809 669 3877 quod
686 3805 890 3858 morosissimam
909 3813 985 3876 ,assat
1005 3813 1087 3873 utque
1110 3805 1243 3873 optimum.
1268 3805 1306 3859 ci.

270 3895 374 3947 Aristot.
392 3891 424 3944 ‹ta
439 3903 506 3958 poce
523 3889 571 3942 Vl·
588 3909 613 3954 7.
626 3903 680 3957 sqq.
