2864 4710
257 271 341 380 332

256 473 322 556 pne
357 461 448 533 eoin·
493 451 669 533 hominem
709 461 850 547 occidit,
891 456 992 530 Eric·
1027 447 1095 553 'pec
1138 458 1291 534 latrones

258 586 374 677 pterea
397 582 593 653 interfectus
622 603 691 650 erse
719 582 878 649 traditur·

361 703 438 771 iam
461 703 564 792 igitur
586 723 694 788 unus,
717 702 775 788 qui
796 699 872 767 Laii
896 696 1051 766 interfuit
1073 703 1188 790 casui,
1211 725 1290 774 rure

192 851 204 876 ·
256 837 373 892 acrvua
391 822 577 908 arcessitur,
595 820 704 906 idem,
728 820 785 908 qui
803 818 985 908 aliquando
1005 817 1168 888 infantem
1189 821 1291 890 Oedi·

255 963 353 1034 pum,
375 963 475 1032 quem
502 956 673 1028 exponere
695 937 733 1004 in
757 937 958 1004 Cithaerone
990 949 1106 1006 monta
1136 939 1286 1026 debebat,

256 1061 384 1154 parturi
406 1044 539 1127 cuidam
567 1055 745 1127 Corinthio
769 1055 962 1124 tradiderat.
1005 1054 1037 1122 Is
1057 1079 1137 1126 rcro
1160 1058 1287 1126 Laium

255 1203 328 1249 non
354 1199 416 1268 per
448 1198 558 1245 nnum
595 1175 756 1265 aliquem*
780 1175 975 1262 hominem,
997 1176 1054 1242 sed
1091 1197 1152 1264 pec
1177 1178 1290 1265 pinrea

259 1300 406 1366 tatrones
431 1298 645 1364 interemtum
671 1317 740 1362 csse
764 1306 962 1384 propterca,
989 1305 1028 1359 nt
1052 1292 1204 1382 videtur,
1226 1295 1292 1364 fin.

256 1419 328 1502 xit,
351 1416 442 1505 quod
466 1427 567 1504 turpe
593 1413 786 1500 videbatur,
808 1413 838 1480 ei
866 1413 908 1479 nb
939 1435 1007 1479 uno
1036 1421 1069 1481 et
1105 1433 1219 1500 regem
1256 1427 1293 1482 et

257 1548 405 1626 quatuor
431 1536 503 1603 eiua
533 1533 672 1600 comites
698 1533 822 1599 diceret
849 1541 1034 1619 prostratos
1060 1549 1147 1616 erec,
1171 1545 1289 1621 postea

258 1677 362 1742 reru,
384 1675 463 1721 cum
492 1653 658 1738 eundern,
689 1652 748 1739 qni
791 1651 856 1718 hoc
890 1661 1051 1739 patrasset
1087 1647 1235 1736 facinus,
1256 1665 1293 1720 et

259 1774 393 1840 Thebae
421 1773 474 1856 ab!
483 1772 632 1862 Sphinge
648 1771 813 1844 ,liberasse
833 1782 866 1836 et
883 1769 1027 1835 iocantes
1051 1770 1211 1835 maritum
1235 1772 1292 1837 vi·

216 1891 223 1898 ’
260 1893 356 1959 deret
385 1891 532 1975 factum,
557 1902 668 1956 mutua
694 1905 788 1954 cesus
813 1887 1007 1970 atrocitate,
1042 1888 1196 1976 precibua
1217 1889 1290 1954 im-

255 2007 402 2099 petrarit
427 2031 446 2078 a
471 2008 605 2100 regina,
634 2019 684 2093 ut,
709 2007 832 2096 procul
845 2005 902 2074 'eb
926 2007 1022 2096 urbe,
1049 2027 1107 2074 rua
1129 2007 1289 2074 demitte-

257 2139 368 2200 mura

366 2243 458 2313 Dum
483 2246 538 2313 hic
567 2253 781 2336 exepectutur
819 2263 956 2328 nervus,
993 2255 1070 2331 apte
1102 2243 1287 2334 Sophocles

255 2365 434 2455 Oedipum
451 2364 519 2432 itta
541 2385 599 2431 ena
625 2376 657 2432 et
682 2362 876 2431 vaticinium
899 2361 1079 2452 aliquando
1112 2375 1286 2452 acceptum

260 2485 409 2574 Delphis
446 2495 637 2552 narrantem
672 2481 758 2548 fecit
814 2483 986 2551 Nimirum
1019 2474 1128 2548 adhnc'
1165 2482 1287 2548 infelix

259 2601 366 2670 homo
397 2603 435 2670 id
451 2613 593 2687 tantum,
610 2624 652 2668 na
676 2603 748 2691 ipae
772 2601 848 2668 Laii
867 2599 1062 2667 interfector
1083 2599 1288 2687 inveniatur,

258 2723 400 2808 metuit3
423 2723 466 2792 dc
488 2720 668 2808 parricidio
707 2729 742 2786 et
760 2719 886 2785 incestu
905 2720 1076 2809 praedicto
1097 2719 1180 2806 sibi,
1203 2737 1308 2807 quae·

258 2843 383 2909 scelere
400 2840 583 2931 prudenter
598 2837 765 2926 refugisse
782 2851 887 2928 putat,
907 2861 977 2906 non
996 2840 1102 2905 timet.
1144 2838 1210 2906 Sed
1228 2838 1288 2903 mi·

257 2961 442 3026 eerrirnum
462 2981 497 3025 ec
521 2957 596 3023 fore
619 2957 793 3023 hominem
812 2956 904 3043 dicit,
917 2958 954 3044 ¹ri
972 2979 1062 3044 eum,
1079 2955 1174 3022 cuiue
1197 2977 1290 3022 nunc

256 3066 404 3163 regnum
436 3087 470 3144 et
504 3097 649 3143 uxorem
689 3075 827 3164 habeat,
857 3095 917 3143 sua
958 3097 1063 3143 manu
1092 3075 1290 3163 peremerit,

260 3196 493 3284 graviterque,
534 3193 617 3283 quid
649 3195 786 3262 tandem
819 3195 1027 3262 commiserit
1065 3205 1135 3290 tam
1164 3193 1292 3262 scelesti

255 3314 404 3403 quaerit,
411 3323 552 3402 propter
568 3313 657 3402 quod
673 3310 741 3381 tem
752 3313 899 3402 ingentia
912 3314 1072 3382 meruiara
1079 3311 1167 3380 maia
1181 3311 1291 3381 rideri

256 3433 372 3524 poscit.
396 3429 477 3498 Non
493 3451 569 3500 aene
589 3434 711 3502 iniuste
733 3433 959 3520 quaestiocct3
979 3453 1171 3521 quenquam
1193 3429 1292 3498 aliter

158 3633 160 3636 Ι
255 3553 382 3618 cnsteri
405 3551 507 3617 huius
531 3551 663 3618 tabulae
685 3552 877 3618 inventores
900 3551 951 3617 ilii
975 3549 1165 3618 ratiocinati
1181 3561 1292 3636 erunt,

253 3672 318 3762 qui
348 3683 483 3762 patrum
517 3681 726 3759 avorumque
758 3669 794 3737 in
823 3671 904 3738 dccc
939 3669 1118 3759 impietatis
1150 3670 1290 3737 acerbae

227 3931 283 4044 'rt
300 3931 357 4003 tie
371 3945 428 4000 eur·
495 3925 497 3932 “
