2876 4704
1166 288 1222 400 95

194 469 281 538 sicae
305 469 395 536 inter
415 467 562 534 Graecos
578 466 806 554 explicaturus
834 461 1077 549 diversitatem
1102 465 1221 533 delo·

192 613 278 658 num
308 599 409 674 atque
433 584 568 650 Dorum
591 585 725 672 ingenio
745 593 778 651 et
799 583 952 652 moribus
982 583 1155 650 disseruit:
1178 586 1219 651 iis

186 731 252 776 nos
269 705 441 794 aptissime
465 704 563 768 etiam
594 705 634 769 ad
652 704 797 770 aliorum
814 703 992 788 utriusque
1018 703 1126 787 gentis
1165 701 1219 768 iu·⁶

187 827 385 892 stitutornm
409 832 441 888 el
457 841 592 908 poeseos
618 821 782 888 rationem
800 833 937 886 utemur
955 818 1217 906 explanandam.

186 941 290 1008 lones
319 941 418 1022 enim,
436 961 519 1028 quos
537 939 686 1013 Homeri
707 923 896 1004 sataleiam
915 937 1010 1003 coelo
1028 959 1090 1004 suo
1108 939 1216 1004 mira·

185 1059 299 1127 biliter
323 1060 491 1126 emollitos
533 1057 636 1127 fuisse
662 1068 695 1124 et
719 1057 857 1123 vivendi
890 1054 1042 1122 facilitati
1081 1057 1216 1124 suidam

183 1177 410 1266 luxuriaeque
437 1180 613 1248 indulsisse
643 1175 815 1262 videmus,
848 1169 906 1240 ille
930 1186 1064 1260 gentem
1090 1177 1214 1243 admo·-

186 1297 273 1362 dum
307 1295 454 1364 ferocem
488 1299 606 1384 initio,
645 1294 806 1382 nullaque
841 1294 979 1360 lenitam
1004 1293 1216 1373 humanitate

152 1413 155 1428 '
182 1414 287 1482 fuisse
316 1415 434 1506 docet3
471 1417 594 1483 Aeoles
629 1425 744 1480 autem
767 1413 915 1478 tumidos
952 1425 985 1479 et
1009 1413 1214 1482 confidentes

179 1533 285 1601 fuisse
312 1535 447 1617 scribit,
470 1537 513 1601 ad
539 1532 734 1600 dissolutius
762 1531 899 1596 vivendi
923 1551 1046 1619 genus,
1069 1538 1211 1622 amores,

178 1653 297 1720 vinum
330 1641 476 1740 pronos3
511 1654 669 1740 idemque
696 1645 847 1716 Doribus
862 1649 994 1716 virilem
1014 1637 1212 1737 gravitatem

180 1781 213 1836 et
228 1771 507 1860 magnificentiam
528 1771 658 1857 tribuit,
681 1789 758 1836 eum
774 1770 984 1836 vehementia
1000 1781 1101 1856 etque
1120 1791 1210 1837 soer-

179 1888 281 1956 bitale
323 1890 468 1978 quadam
496 1901 529 1956 el
560 1889 691 1960 tristitie
710 1890 936 1956 coniunctamr
977 1887 1093 1975 Atque
1109 1888 1211 1955 loni·-

178 2031 235 2076 eae
258 2007 396 2097 quidem
419 2029 556 2098 poeseos
573 2021 606 2074 et
627 2007 772 2074 Homeri
788 2020 822 2072 et
839 2008 985 2073 aliorum
1001 2009 1210 2076 monimenta

178 2139 311 2194 exstant
341 2128 544 2212 clarissima3
581 2125 623 2192 de
654 2125 805 2194 Do'ribus
828 2138 941 2192 autern
970 2125 1005 2193 e't
1040 2127 1208 2196 Aeolibus

177 2259 246 2314 tam
278 2248 392 2338 tenuia
424 2259 456 2313 et
481 2267 576 2330 rara,
598 2246 793 2334 praesertim
817 2267 861 2312 ex
878 2257 1009 2312 remota
1037 2251 1096 2312 isn
1115 2262 1208 2315 aeta·-

176 2377 220 2452 te,
243 2367 284 2431 ad
304 2389 366 2430 nos
384 2377 612 2454 pervenerunt
631 2367 772 2452 indicia,
795 2377 833 2430 ut
848 2364 982 2430 nonnisi
997 2366 1206 2434 ooniioiendo

177 2484 232 2552 vel
253 2483 440 2549 divinando
463 2507 566 2574 panca
597 2485 781 2573 quaedam,
803 2503 991 2573 eorumque
1014 2485 1112 2574 plura
1129 2509 1207 2576 pro·

177 2602 301 2668 babilis
330 2602 453 2690 magis,
489 2617 591 2692 quam
625 2615 713 2669 certa
745 2603 912 2690 possimus
945 2604 1126 2673 extricare.¹
1164 2605 1205 2674 In

177 2745 267 2811 qno,
289 2745 333 2788 ne
351 2723 428 2810 quis
456 2723 511 2809 id,
541 2723 632 2810 quod
656 2723 863 2790 coniunctim
895 2721 1032 2788 Aeoles
1047 2734 1080 2786 et
1095 2723 1205 2788 Dores

177 2843 444 2927 nominaverim,
466 2841 552 2906 vitio
570 2841 655 2906 mihi
681 2853 803 2908 vertat:
834 2839 1002 2906 Herodoti
1027 2861 1083 2906 me
1107 2852 1205 2908 tueor

175 2964 390 3046 auctoritate,
411 2983 481 3025 uno
498 2971 659 3048 utrosque
686 2965 823 3030 Dorum
840 2958 979 3026 numine
996 2957 1036 3023 ab
1060 2959 1204 3027 donibus

174 3079 421 3170 distinguentis.
445 3082 478 3170 ι)
547 3145 549 3150 .

274 3255 329 3320 Ae
354 3251 507 3339 primum
527 3267 642 3334 magor
633 3246 722 3314 'id
713 3271 824 3337 ipsum
840 3247 926 3316 mihi
946 3249 1111 3320 momenti
1134 3270 1205 3321 csse

169 3369 327 3460 uidetur,
358 3371 469 3458 quod,
500 3368 597 3434 sicuti
621 3371 737 3435 lonico
764 3369 889 3456 poesis,
912 3367 1059 3456 exeeptis
1086 3371 1203 3484 paucis
1255 3429 1257 3434 .

174 3489 390 3574 quorundam
409 3487 562 3574 elegiacis
591 3487 783 3573 conatibus,
815 3487 965 3555 maxime
998 3484 1091 3574 epira
1120 3500 1202 3573 crat,

172 3617 271 3693 atque
298 3607 515 3696 inaequabili
540 3605 599 3674 illo
616 3609 777 3713 suavique
799 3604 957 3672 narrandi
973 3625 1095 3694 genere
1121 3627 1206 3671 ver-

174 3727 327 3796 sabatur:
356 3727 403 3796 ita
429 3727 571 3798 Aeolica
594 3741 627 3797 et
657 3693 784 3794 Dorica
816 3725 943 3814 poesis,
989 3725 1097 3814 lyrica
1130 3721 1202 3797 tere

168 3931 194 4000 a]
228 3935 251 3989 1.
267 3931 309 3992 56.
