2864 4710
1109 269 1188 388 te,

162 459 358 544 hominem,
382 451 656 542 quandoquidem
677 473 748 521 nen
771 451 843 520 eiu·
865 463 913 520 ert
946 451 1031 522 vitio
1052 450 1200 542 fectump

48 574 52 583 ’
157 579 249 668 quod
272 575 486 664 lutepheruie
513 595 606 641 uxor
626 593 871 640 sororemuou
894 571 1020 640 hebuit.
1067 571 1198 639 Mittas

156 717 233 764 mue
253 694 355 782 igitur
380 704 415 760 et
431 691 517 760 haee
537 704 571 758 et
591 693 673 785 ieta,
695 713 781 782 quee
801 703 871 758 tem
900 691 1044 780 ingenue
1063 692 1108 758 de
1128 710 1200 760 rue

155 814 270 882 meriti
287 814 339 880 eui
355 821 471 880 'umore
486 811 661 900 Antigone
676 810 864 902 profitetur,
873 809 1017 878 mirifioe
1032 809 1073 877 eb
1097 811 1192 879 Hae*

33 1015 36 1029 1
154 934 265 1000 monis
277 933 398 1000 erdere
414 931 477 997 illo
495 931 730 1019 discrepentie3
742 952 863 998 verum
875 931 917 998 'id
937 931 1035 1000 lieeet
1054 944 1202 1020 quaere--

154 1074 202 1136 re,
210 1074 272 1118 eur
288 1052 422 1120 taudem
442 1063 621 1140 prepterea
637 1049 849 1139 potissimum
868 1050 926 1116 iile
943 1074 978 1118 ee
991 1049 1190 1141 Polynicem

154 1170 307 1238 debuisse
335 1171 479 1263 humere
509 1169 653 1254 dixerit,
691 1169 783 1255 quod
822 1191 893 1233 non
930 1182 1032 1256 esset,
1056 1183 1188 1261 praeter

153 1311 249 1376 eum,
272 1287 411 1356 fratrem
432 1288 539 1357 elium
560 1279 738 1353 habiture?
781 1286 949 1376 Equidem
969 1289 1055 1354 hene
1076 1289 1191 1359 tolum

157 1431 290 1474 ceueem
312 1388 471 1494 invenio,
494 1405 586 1493 quod
609 1416 743 1492 putaret
768 1427 812 1472 ex
835 1406 954 1496 quovis
975 1409 1192 1500 propinquo·

152 1549 230 1594 rum
259 1549 381 1615 genere
403 1525 467 1590 sibi
488 1546 597 1590 unum
620 1545 689 1591 esse
709 1524 953 1615 sepeliendum.
998 1524 1133 1616 Itaque,
1157 1531 1188 1597 ei

153 1645 316 1713 meritum
348 1655 407 1712 eut
435 1643 545 1710 fitium
570 1643 719 1731 primum
742 1643 880 1711 renibus
916 1645 1105 1735 reliquisset
1139 1649 1188 1714 ie-

151 1751 351 1831 cerrudum:
373 1763 527 1852 sperabat
551 1760 636 1848 fore,
660 1776 699 1829 ut
727 1764 872 1830 alterum
897 1777 1007 1855 postet
1031 1765 1188 1858 coudere3

154 1863 244 1965 imi,
267 1883 294 1949 si
317 1883 447 1972 egregie
473 1876 613 1948 adversa
641 1877 779 1951 fortune
804 1896 894 1974 eret,
917 1884 1055 1952 tertium
1076 1871 1200 1976 expe-'

154 1999 216 2069 riri
239 2013 272 2068 et
294 2012 453 2091 quartum
475 1999 607 2088 licebet3
629 2001 671 2067 iie
692 2015 817 2091 eutem,
840 2006 898 2092 qui
920 2015 1017 2071 entee
1039 2005 1188 2076 distracti
1268 2079 1273 2091 ,

151 2143 212 2210 per
233 2144 329 2188 cenet
351 2129 476 2208 essent,
499 2117 631 2210 egregie
653 2119 716 2188 sibi
738 2122 834 2212 virgo
856 2123 996 2190 solvieee
1018 2123 1104 2190 iuste
1128 2125 1184 2193 vi-

149 2240 309 2324 debatur,
342 2239 370 2304 si
402 2237 547 2324 denique
577 2263 686 2308 unum
717 2242 866 2328 aliquem
900 2266 960 2308 eeu
990 2241 1101 2309 filium
1123 2267 1184 2316 eeu

150 2355 312 2418 meritum
349 2353 556 2414 tumulasset.
598 2355 726 2417 'Perdet
767 2355 849 2424 haee
888 2357 1074 2449 conficere3
1102 2373 1184 2430 sunt

148 2469 260 2558 enim,
292 2491 398 2558 prope
428 2469 555 2554 dicem,
588 2482 672 2557 quot
702 2471 822 2561 verbe,
853 2485 903 2540 tot
932 2453 1097 2566 ineptiee3
1120 2504 1182 2550 ve-

146 2587 212 2654 luti
241 2587 320 2656 iste:
349 2586 382 2653 ei
400 2583 502 2676 filim
532 2587 622 2654 mitt
657 2603 805 2658 mortum
825 2603 925 2681 erret,
954 2595 997 2663 ab
1018 2597 1087 2668 alto
1108 2601 1183 2672 piro

147 2702 254 2772 alium
277 2703 478 2772 habuissem.
521 2705 571 2772 Ee
593 2707 713 2775 fiducie
747 2711 834 2778 bene
856 2712 994 2781 mulieri
1023 2720 1183 2786 conveni·

146 2836 217 2911 ret,
248 2848 332 2912 quee
362 2827 430 2893 iem
460 2827 574 2916 plures
597 2830 777 2917 peperisset
803 2830 946 2900 liberos:
981 2833 1018 2900 in
1051 2837 1180 2925 virgine

146 2953 194 3010 eet
217 2943 388 3012 mirabilis.
433 2945 499 3014 Sed
521 2946 709 3014 mirabilius
725 2950 823 3016 etiem
846 2951 881 3017 id
903 2963 962 3038 eet,
987 2955 1077 3042 quod
1096 2959 1178 3024 haee

146 3062 340 3148 Antigone,
369 3065 397 3132 ei
419 3057 530 3133 unum
560 3065 670 3134 filium
700 3067 917 3140 inhumatum
961 3073 1110 3164 sivisset,
1142 3101 1178 3146 ee

145 3180 251 3248 elium
284 3182 364 3248 dicit
392 3205 436 3250 ex
467 3185 533 3255 elio
569 3187 645 3254 viro
667 3185 771 3256 fuieee
802 3201 1041 3280 suscepturum.
1084 3173 1195 3278 Quid'¹

145 3292 270 3367 enim?
304 3323 463 3390 quaeres,
493 3327 555 3373 eur
585 3327 630 3372 ex
651 3299 747 3374 elio'?
781 3331 843 3376 cur
871 3333 942 3378 nou
964 3333 1008 3378 ex
1030 3311 1180 3385 eedem?

143 3439 229 3486 uum
259 3419 321 3488 iete
350 3421 442 3492 ultro
472 3433 506 3490 et
537 3423 715 3492 Creontem
747 3439 818 3494 tem
849 3430 1040 3518 crudelem,
1079 3447 1111 3502 et
1141 3461 1177 3505 ee

143 3533 252 3622 ipsum
285 3551 354 3608 tem
383 3541 558 3630 indignum
587 3541 686 3630 feeit,
708 3546 816 3630 ut,·ei
837 3547 895 3616 ille
916 3571 982 3618 une
1010 3575 1089 3620 cum
1113 3579 1176 3645 pe·

144 3663 198 3720 tre
240 3653 349 3724 filium
394 3660 512 3748 proiiei
546 3663 684 3730 eenibue
725 3664 887 3752 iussisset,
920 3691 955 3736 ee
991 3670 1178 3743 declareret·

144 3782 329 3862 utrumque
343 3780 550 3864 proditurum
569 3777 699 3850 fuisse?
721 3783 819 3850 Certe
834 3786 900 3854 hoe
915 3788 1026 3856 noluit
1047 3769 1172 3864 iro-rum

151 3913 314 3960 versuum
335 3907 470 3990 ructor,
491 3898 562 3970 ime
586 3903 627 3972 de
648 3926 702 3985 eo,
723 3917 826 3998 puto,
847 3930 892 3976 ne
913 3909 1071 3998 rogitavit
1094 3915 1171 4000 qui-
