2894 4700
234 240 315 332 232
372 347 373 352 Ν

232 428 345 488 ratum
366 423 428 504 sibi
446 420 614 486 sociorum
631 419 796 510 auxilium
816 429 984 509 'exspectat
1008 422 1058 499 a).
1080 417 1267 488 Probamue

234 539 334 626 haec,
358 543 444 627 dico,
470 540 744 628 quandoquidem
769 561 840 605 nou
860 539 905 605 ita
933 538 973 626 iu
1003 538 1195 605 discrimine
1210 561 1265 606 res

236 661 445 743 versabatur,
471 672 659 730 utmorem
677 659 805 730 nullam
821 655 934 724 ferret.
956 656 1023 722 Sed
1042 679 1110 743 quo
1131 659 1273 725 tandem

233 778 370 843 nomine
386 779 495 862 istam,
521 800 564 844 ne
584 778 667 864 quid
688 777 826 864 gravius
844 776 965 860 dicam,
984 755 1151 860 ignaviam
1166 777 1261 844 oras

234 894 275 958 tis
313 897 506 981 excusabis,
547 918 614 984 qua
656 919 724 962 non
749 917 785 962 ae
819 894 949 980 solum,
981 894 1165 963 sedetiam
1194 900 1259 987 Py-

233 1010 344 1080 ladem
371 1035 432 1101 per
463 1015 661 1101 Aegisthum
681 1014 803 1082 coniici
832 1013 866 1080 iu
895 1013 1030 1080 vincula
1067 1008 1175 1082 siniti
1207 1015 1259 1082 Ad

235 1129 373 1218 hospitii
393 1132 481 1218 leges
511 1144 672 1220 provocet
705 1153 884 1222 perversus
914 1132 1031 1213 homo,
1060 1136 1150 1221 apud
1182 1137 1264 1200 sica-

234 1247 325 1319 rium
350 1249 473 1334 istum,
495 1275 573 1320 cum
604 1251 755 1340 gladium
789 1249 918 1334 habeat,
942 1271 1021 1314 cum
1053 1251 1142 1338 ipsos
1164 1253 1265 1320 saet-

235 1365 309 1434 litea
339 1371 476 1456 tyranni
499 1371 582 1440 adeo
605 1371 810 1459 trepidantes
832 1369 951 1454 videat,
974 1381 1011 1433 ut
1032 1384 1177 1457 repetere
1208 1373 1266 1436 ilie

234 1484 322 1552 iussa
349 1510 408 1554 sua
435 1479 585 1576 cogatur,
608 1513 686 1556 cum
705 1490 851 1578 denique
871 1487 906 1552 id
929 1489 1117 1579 perspiciat,
1139 1490 1163 1556 si
1190 1499 1265 1576 pre·

238 1601 362 1674 henetae
384 1611 489 1677 semel
512 1609 554 1676 ah
576 1609 739 1694 Aegistho
762 1609 877 1692 fuerit,
900 1619 932 1673 et
958 1609 1101 1674 deorum
1125 1611 1208 1674 iussa
1233 1619 1267 1676 et

237 1725 341 1813 patris
367 1727 531 1794 ultionem
567 1739 600 1798 et
630 1750 726 1815 spem
751 1737 902 1794 suamet
928 1725 1092 1813 Pyladem
1111 1739 1144 1791 et
1166 1727 1269 1790 Eleo*
1345 1783 1352 1795 e

235 1850 324 1907 tram
350 1855 382 1912 et
406 1846 547 1908 omnino
571 1843 685 1907 omnia
711 1841 786 1906 fore
817 1842 948 1932 perdita
971 1847 1017 1922 a).
1062 1843 1126 1908 Sed
1156 1843 1270 1907 mitti-

236 1977 313 2024 mus
329 1959 418 2028 hunc
438 1959 606 2046 Orestem,
627 1959 722 2022 cuius
738 1959 774 2022 ia
797 1958 949 2047 pertibus
967 1954 1177 2044 adornandis,
1201 1981 1272 2045 quo

235 2071 349 2144 fabula
378 2081 582 2146 commotior
617 2078 712 2144 fieret
744 2090 775 2142 et
801 2076 949 2144 mirabili
984 2077 1128 2164 quadam
1158 2078 1270 2145 varie-

237 2202 305 2261 tate
326 2193 545 2282 implicatior,
570 2195 711 2262 consilio
744 2195 922 2266 Voltarius
955 2219 1071 2268 omnes
1100 2195 1271 2264 admisisse

237 2313 470 2396 perversitates
501 2314 645 2384 videtur.
699 2314 866 2380 Tacemus
892 2315 995 2402 igitur
1025 2337 1105 2380 cum
1132 2318 1173 2381 de
1199 2317 1271 2382 aliis

238 2429 416 2517 pluribus,
438 2447 512 2506 tum
535 2435 577 2505 de
602 2433 714 2521 gladio
742 2433 802 2500 illo
833 2433 927 2523 ipsc,
957 2456 1025 2522 quo
1061 2435 1272 2506 ulciscendus

237 2549 480 2642 Agamemnon
512 2566 615 2645 esset,
639 2553 673 2618 in
700 2551 838 2623 tumulo
874 2554 946 2620 eius
971 2554 1177 2640 ineptissime
1205 2554 1269 2618 ds-

230 2671 359 2758 ‘poaitm
382 2673 457 2743 sed.
475 2693 637 2760 negamus
664 2693 720 2736 eos
742 2671 934 2754 laudandos,¹
950 2693 1018 2736 esse
1040 2683 1172 2759 poetae,
1196 2673 1273 2759 qui,

239 2809 317 2858 cum
352 2791 479 2864 civium
497 2814 641 2862 suarum
667 2790 802 2877 pulchri
827 2792 990 2876 rectique·
1012 2812 1128 2854 sensus
1158 2811 1274 2878 regere

219 2916 269 2970 'et
309 2909 522 2979 conformare
557 2911 720 2992 debeant,
756 2909 798 2972 ad
823 2906 1074 2992 frivola.vuigi
1100 2909 1210 2974 studia
1238 2929 1273 2974 se

239 3029 505 3110 accommodant,
528 3029 677 3112 artisque
696 3026 891 3110 dignitatem
913 3040 1148 3110 corrumpunt.

289 3229 292 3236 .
341 3143 459 3231 Longe
499 3145 541 3209 ab
577 3167 614 3210 ea
644 3143 780 3213 levitate
810 3154 939 3207 castum
975 3142 1150 3231 Sophoclis
1177 3145 1277 3229 inge-

240 3261 339 3329 nium
373 3263 505 3348 aberat3
564 3261 711 3349 ortisque
750 3283 829 3326 suae
869 3261 1010 3347 sapienti
1031 3263 1278 3358 ¹moderatione

240 3393 340 3468 atque
374 3379 585 3470 simplicitate
620 3392 761 3448 venusta
809 3380 1056 3464 Athenienses,
1092 3401 1161 3444 non
1198 3402 1279 3446 aune

246 3585 268 3654 ι)
287 3585 345 3640 Act.
360 3588 409 3642 IV.
426 3588 468 3641 Sc.
490 3606 512 3642 1.

240 3720 267 3787 a)
284 3722 342 3775 Act·
358 3719 406 3772 IV.
421 3723 461 3774 Sc,
476 3739 500 3788 7.
513 3719 635 3796 Egiathes

343 3822 410 3889 Quoi
427 3819 493 3873 douc
513 3825 527 3872 h
543 3839 590 3871 aon
609 3831 691 3886 aspect
707 3834 770 3869 vous
783 3817 894 3869 sembles
909 3829 965 3869 tous
983 3815 1093 3868 lrdmia?

342 3907 425 3969 Alica,
439 3903 518 3971 dia-ja
526 3942 535 3968 ,
552 3918 578 3956 et
592 3901 684 3971 gardas
696 3900 728 3952 da
743 3919 785 3952 me
803 3899 929 3952 de'sobdir.
