2894 4700
1109 289 1192 378 255

161 465 275 534 minus
301 465 541 537 parisiensibus
566 463 799 549 inconstantes,
822 463 1100 553 spectaculorum,
1124 493 1193 536 no-

163 609 288 652 varum
317 607 455 670 rerum,
477 585 646 651 varietatis
678 583 837 671 cupidos,
862 583 909 648 ita
942 587 1193 670 quodammodo
1246 643 1250 648 .

161 705 319 787 subactos
335 706 468 770 tenebat
492 727 529 770 ac
546 702 738 788 delectabat,
761 713 799 766 ut
826 701 927 768 vicies
945 704 982 768 in
999 707 1196 773 certamini·

163 819 227 887 bus
253 821 322 888 illis
349 823 539 889 dramaticis
578 822 709 911 prima,
743 821 860 886 ceteris
891 821 959 886 suis
992 806 1113 891 ¹fabulis
1144 850 1198 895 se·
1278 889 1286 902 ,

165 941 275 1006 cunda
301 953 508 1030 reportaret,
531 943 629 1008 tertia
658 945 834 1027 nunquam
865 941 1042 1029 acciperet.

250 1056 474 1126 Memorabile
484 1083 563 1128 vero
573 1081 652 1126 cum
669 1061 809 1125 omnino
827 1059 863 1124 in
880 1060 1058 1149 Sophocle,
1074 1074 1146 1131 tum
1155 1067 1198 1133 ab
1254 1143 1256 1148 ,
1377 1102 1379 1106 ·

164 1175 297 1244 Electra
317 1179 494 1244 iudicanda
511 1201 581 1244 non
599 1179 748 1243 alienum
761 1177 797 1241 id
815 1161 1098 1267 babemus,quod,
1114 1187 1200 1254 sicut

165 1295 521 1386 Pbryniebusprimus
538 1295 718 1362 muliebres
736 1300 893 1382 personas
901 1296 1116 1368 induxissem
1134 1329 1201 1371 sce.

166 1435 247 1480 nam
271 1415 398 1481 fertur:
429 1418 474 1480 ita
502 1414 573 1500 ipse
606 1414 1199 1508 primusstudiumsuumadinge-
1279 1412 1282 1419 ’

163 1533 261 1600 nium
283 1547 314 1599 et
335 1553 445 1598 mores
473 1532 659 1598 mulierum
685 1530 818 1619 appulit
839 1531 919 1600 artis
946 1535 1200 1618 pulchritudine

162 1652 413 1736 exprimendos.
455 1647 597 1714 cursam
613 1649 662 1714 rei
688 1649 755 1714 iam
782 1671 885 1736 supra
907 1659 1201 1722 commemoravi-

162 1767 401 1854 mus3quippe,
420 1777 459 1831 nt
477 1766 535 1832 alii
558 1765 696 1855 plurimi
716 1778 834 1854 poetae
849 1768 885 1832 in
902 1773 1072 1856 tragoedia
1091 1776 1203 1840 excel·

161 1885 287 1971 lentes,
313 1885 534 1970 ‘singulariter
571 1875 627 1952 ille
660 1884 820 1950 mulieres
862 1887 1011 1956 colebat:
1051 1913 1199 1980 querum

165 2005 304 2091 quidem
336 2025 439 2091 quam
478 2003 565 2068 bene
608 2017 816 2093 perspectam
866 2017 1021 2074 naturam
1056 2011 1205 2100 haberet,

165 2125 298 2211 egregie
326 2124 427 2189 etiam
461 2119 562 2186 huius
586 2121 721 2188 labulae
751 2123 909 2209 probavit
939 2129 1106 2216 exemplo.
1150 2132 1206 2197 Au

101 2274 104 2279 ·
168 2243 412 2309 moderationis
434 2242 570 2332 quidem
589 2241 681 2305 illius
712 2260 789 2306 suae
825 2242 862 2308 in
897 2263 935 2307 ea
969 2233 1041 2315 hoc¹
1070 2271 1207 2335 quoqne

170 2359 262 2436 dedit
294 2361 557 2444 documentum,
586 2359 689 2445 quod,
717 2379 795 2424 cum
826 2358 982 2428 Electrae
1012 2386 1074 2450 per
1101 2379 1207 2437 totam

167 2478 317 2542 fabulam
328 2478 489 2542 animum
505 2487 753 2540 monstraturus
769 2487 851 2539 esset
866 2487 983 2543 contra
1004 2482 1207 2570 Aegisthum

170 2607 204 2660 et
238 2568 380 2661 matrem
414 2593 578 2670 nefariam
607 2593 756 2660 maxime
777 2594 1035 2678 exacerbatum,
1056 2602 1209 2690 ultionis-

172 2733 239 2800 que
270 2715 388 2801 patris,
416 2712 563 2800 turpiter
587 2710 765 2796 interfecti,
796 2713 1072 2798 cupidissimum:
1102 2720 1207 2804 virgi-

171 2854 249 2898 nem
283 2830 352 2896 non
374 2851 467 2895 novo
501 2830 615 2916 aliquo
644 2817 795 2897 facinore
816 2831 955 2900 induxit
976 2845 1110 2921 praeter
1130 2859 1208 2904 mo.

102 2917 117 2952 ⁸
173 2952 255 3018 dum
281 2947 534 3035 conturbatam
556 2949 616 3015 sed
646 2969 720 3012 eam
738 2948 892 3034 primum
934 2971 971 3015 ea
1002 2949 1208 3023 commotam

173 3069 318 3136 ostendit
341 3068 495 3150 tristitia,
519 3089 584 3153 qua
614 3068 694 3132 inde
715 3067 757 3130 ab
784 3067 889 3154 patris
915 3069 1053 3138 interitu
1076 3095 1235 3165 semper·

154 3189 290 3254 ‘luisset
314 3184 449 3254 alllicts.
501 3185 612 3265 Quae·
637 3185 774 3274 quidem
813 3186 940 3255 doloris
977 3190 1137 3259 acerbitas
1167 3219 1210 3263 na

173 3319 269 3393 grato
295 3307 409 3393 aliquo
443 3315 570 3370 careret
601 3293 887 3389 temperamento,
911 3305 1094 3393 Sophocles
1116 3313 1213 3378 Elec.

152 3437 262 3494 ¹tram
305 3424 384 3490 fecit
408 3445 486 3488 eum
505 3422 663 3508 virginali
692 3424 852 3490 modestia
884 3425 1040 3492 luctuum
1069 3437 1215 3500 suorum
1305 3503 1317 3523 .

175 3543 407 3608 vehementius
429 3542 473 3607 ab
487 3541 593 3606 cboro
616 3541 710 3628 quasi
730 3542 865 3608 veniam
883 3555 1050 3632 petentem
1085 3552 1127 3633 ¹l3
1156 3550 1207 3612 si-

175 3656 250 3724 mul
288 3669 395 3746 vero,
419 3659 525 3725 sicuti·
545 3681 663 3726 ornnes
696 3681 752 3746 ea,
796 3661 917 3747 quibus
969 3664 1203 3734 vehementius

180 3913 205 3999 rt
222 3931 248 3965 v.
262 3911 313 3966 att
328 3930 386 3980 sqq.
