2902 4704
1120 285 1204 380 107·

109 471 113 474 ·
171 450 351 518 donabant.
397 443 469 510 Nee
501 435 615 508 tamen
646 461 689 506 ex
726 463 786 526 eo,
806 423 910 530 ¹quod
941 440 1006 506 hoe
1034 439 1069 506 in
1091 443 1202 514 Attica

172 571 291 638 rustici
315 564 463 629 solerent
483 559 614 645 facere,
637 559 800 644 efficitur,
823 584 902 628 eum
939 581 1068 626 morem
1105 563 1205 630 etiam

168 687 206 755 in
234 681 384 750 Doribue
406 679 508 746 fuisse
529 690 709 764 receptum.
753 677 827 746 Into
858 680 892 745 id
915 679 1056 746 minime
1077 683 1206 769 proba-

169 805 243 870 bile
264 800 418 886 videtur,
441 797 601 885 siquidem
623 797 658 863 hi
681 800 819 884 gravina
854 811 886 864 et
908 797 1041 888 dignius
1065 801 1206 886 publiuia

169 919 364 990 honoribus
410 916 490 982 eulti
522 915 645 984 Bacchi
682 937 771 984 narra
801 917 961 1006 agebant3
999 930 1088 986 certe
1126 942 1210 987 vero

171 1039 419 1108 alienissimum
449 1035 538 1102 istud
568 1037 738 1106 hireinnm
772 1040 960 1125 praemium
998 1037 1040 1103 ab
1069 1036 1109 1103 iia
1138 1050 1211 1106 erat

85 1201 89 1212 ·
169 1156 380 1246 tragoediis,
404 1175 490 1242 quoe
512 1177 581 1222 non
602 1156 639 1222 in
661 1157 784 1224 Baeohi
807 1157 958 1243 laudem,
981 1157 1038 1222 aed
1061 1158 1221 1226 heroum·

171 1279 216 1344 ad
240 1297 337 1342 naeus
373 1273 590 1344 celebrandos
618 1297 638 1340 a
667 1275 780 1342 choris
812 1274 992 1344 ederentur
1013 1277 1215 1346 sollenniter

169 1397 340 1464 institutis.

277 1514 363 1598 Sed,
386 1525 424 1578 ut
446 1512 489 1579 ad
510 1512 746 1600 grammaticos
768 1522 982 1580 revertamur
1002 1512 1207 1604 illoe,'quo-

129 1629 131 1634 ’
173 1655 255 1699 rum
284 1633 322 1698 in
354 1634 415 1698 hae
439 1653 536 1700 eausa
559 1630 758 1700 testimoniis
779 1641 948 1698 utuntur:
971 1632 1126 1717 equidem
1149 1657 1211 1700 eo-

177 1773 255 1816 rum
288 1775 353 1817 nou
383 1775 540 1840 magnam
573 1772 642 1819 aeae
673 1750 904 1816 auctoritatem
945 1763 1038 1838 puto.
1081 1752 1136 1818 Ex
1168 1753 1208 1820 iis

179 1871 286 1948 enim,
319 1872 375 1958 qui
408 1873 450 1938 ad
470 1857 541 1940 'nos
567 1880 814 1960 pervenerunt,
837 1889 880 1938 ue
900 1889 990 1934 unua
1012 1869 1149 1957 quidem
1172 1873 1208 1940 in

176 2005 305 2058 remota
328 1990 383 2054 illa
406 1993 547 2078 tragicae
569 1990 649 2056 ortis
666 2001 819 2076 tempora
841 1988 911 2074 ipae
934 1989 1129 2077 inquisivit3
1150 1993 1222 2058 sed·

175 2111 260 2194 alius
282 2108 406 2195 alium,
428 2105 469 2175 ut
487 2109 637 2194 videtur,
660 2107 842 2193 exscripsit.
887 2105 956 2185 Qui
985 2131 1065 2176 vero
1095 2111 1137 2178 da
1166 2111 1208 2178 iia

176 2229 325 2319 plurimu
347 2226 578 2314 tradiderunt,
602 2225 754 2292 Donatus
785 2236 817 2292 et
836 2225 1049 2328 Euanthius,
1071 2229 1098 2294 ai
1121 2243 1213 2296 reete

178 2350 220 2414 ad
243 2370 300 2414 eos
330 2345 517 2432 fragmenta
556 2347 617 2411 iata
647 2345 859 2414 referuntur:
892 2368 998 2432 panea
1028 2369 1107 2414 euna
1130 2341 1221 2414 cium.-

177 2466 294 2533 multie
316 2463 437 2550 ineptis
459 2463 503 2526 ita
524 2463 700 2554 eomtniata
722 2465 865 2550 habent,
896 2475 936 2530 ut
957 2467 1018 2532 vix
1035 2467 1213 2553 persuade·

178 2607 217 2650 ra
240 2563 340 2652 nobie
365 2583 552 2669 possimus,
576 2603 612 2648 ea
635 2584 681 2648 ein
703 2583 745 2648 ab
767 2583 836 2648 illia
866 2583 965 2671 viris,
989 2585 1223 2671 prudentibus·

179 2715 214 2768 et
243 2700 348 2768 doctis
355 2747 368 2784 ‚
397 2721 467 2766 enea
497 2702 691 2791 conscripta.
735 2703 906 2768 Euanthia
929 2703 1021 2768 enim
1044 2703 1124 2768 haec
1147 2704 1212 2768 tei·

177 2822 352 2888 buuntur:
382 2867 405 2907 ,‚
415 2820 553 2888 Initium
586 2818 774 2906 tragoediae
803 2832 836 2884 et
857 2819 1051 2886 comoediae
1072 2841 1091 2886 a
1112 2821 1213 2886 rebna

180 2940 303 3008 divinis
324 2951 372 3004 eet
395 2939 606 3009 inchoatum:
630 2941 750 3026 quibus
773 2961 835 3028 pro
858 2937 1025 3004 fructibus
1046 2951 1120 3006 vota
1140 2941 1212 3006 eol-

178 3073 293 3127 ventea
316 3059 539 3149 operabuntur
560 3060 700 3148 antiqui.
744 3059 835 3126 Nam
863 3057 1005 3126 ineeneia
1034 3059 1113 3124 iam>
1130 3062 1216 3127 altae

181 3181 296 3265 ribus,
318 3190 355 3248 et,
372 3178 507 3244 admoto
529 3178 646 3262 hirco,
671 3178 705 3242 id
727 3197 831 3262 genua
853 3177 1030 3263 neminie,
1054 3180 1146 3266 quod
1160 3203 1220 3246 ea·¹

181 3322 235 3364 cer
264 3299 389 3364 chorus
422 3297 582 3362 reddebat
611 3297 735 3362 Libero
759 3296 868 3384 patri,
889 3296 1059 3382 tragoedia
1082 3299 1215 3364 diceba-

180 3427 255 3501 tur,
288 3417 330 3482 ab
349 3415 478 3500 hirco,
514 3415 608 3482 hoste
630 3416 829 3499 vinearum,
851 3426 884 3479 et
913 3437 931 3480 e
955 3417 1140 3497 cantilena‚·
1162 3417 1216 3482 vel

186 3507 276 3620 duod
298 3533 392 3601 hirco
416 3535 605 3602 donabatur
628 3535 698 3600 eius
719 3533 878 3600 carminis
900 3545 1019 3622 poete,
1044 3533 1099 3598 vel
1123 3532 1225 3624 quo'd‘

79 3732 81 3738 .
185 3664 262 3716 uter
282 3653 352 3718 eine
372 3659 473 3721 musti
496 3655 617 3742 plenus
638 3653 789 3720 solemne
810 3653 999 3737 praemium
1022 3654 1227 3719 cantoribus*

190 3767 319 3856 fuerat,
342 3773 397 3838 nel
421 3775 509 3860 quod
545 3797 603 3840 ora
626 3794 683 3836 sua
705 3771 852 3839 faecibus
876 3772 1084 3860 perlinebant
1105 3772 1216 3835 sceni-

186 3891 234 3962 ci:
255 3937 266 3957 .
288 3933 299 3956 ·
328 3889 433 3958 faeces
450 3892 539 3974 eninr
556 3891 716 3974 dicuntur
732 3913 848 3979 graece
864 3903 985 3980 trygea.
1006 3889 1050 3954 Et
1068 3890 1120 3952 his
1137 3890 1215 3974 qui-
