2864 4710
248 304 329 396 512

259 483 349 571 qood
384 484 456 575 ipse
485 483 682 556 Philoctetes
713 496 807 552 entes
841 484 1117 572 gretum'smi'co
1133 483 1285 554 'tenens

248 605 340 672 oium
361 603 464 672 fuisse
494 606 583 671 dixit
607 581 661 694 ἧς
684 626 744 670 nec
766 603 922 694 profecto
955 605 1021 701 hoc
1042 605 1078 671 in
1110 607 1205 692 loco,
1236 625 1278 671 ne

248 721 330 814 quid
356 721 484 812 simile,
518 724 628 791 nescio
661 725 737 808 cui,
775 725 946 809 occideret,
972 723 1163 792 timendum
1198 735 1277 791 eret.

248 843 298 908 At
315 855 456 930 propter
482 865 598 910 orcum
623 841 723 910 illum
751 843 894 909 Atriden
917 843 1119 910 Philocteten
1137 844 1279 914 'I'roienl

249 959 329 1030 belli
360 961 421 1027 sibi
454 962 583 1027 socium
611 953 862 1029 adiunxerant?
892 961 1038 1028 Minime
1068 959 1166 1031 vero!
1196 961 1279 1048 Sed,

249 1089 288 1146 et
326 1079 381 1146 elli
415 1081 575 1148 Graeciee
611 1079 798 1170 principes,
838 1081 1056 1160 iureiurando
1101 1082 1282 1148 obstrictus

194 1269 195 1274 ,
250 1195 451 1266 Philoctetes
475 1204 519 1280 s)
542 1198 619 1267 illos
648 1207 780 1266 secutus
806 1211 895 1284 eret,
916 1205 1115 1287 tentumque
1148 1203 1280 1284 aberet,

249 1327 288 1382 ut
306 1318 447 1387 Atridae
461 1317 599 1389 letalem
616 1337 718 1385 ercus
729 1315 799 1384 citis
821 1320 890 1386 vim
907 1330 987 1384 tunc
1012 1318 1176 1384 heberent
1199 1314 1283 1404 eog-

250 1437 366 1524 oitem,
388 1451 437 1524 et,
471 1450 597 1525 septem
615 1435 757 1504 novibus
774 1437 844 1510 eius
859 1457 969 1504 secum
987 1436 1145 1521 obductis,
1166 1437 1285 1520 ipsum

251 1575 329 1622 com
346 1555 413 1622 telo
435 1578 497 1624 suo
513 1559 550 1624 in
572 1557 703 1624 Lemno
719 1557 957 1644 relinquerent.
982 1551 1054 1621 Nec
1070 1553 1196 1625 veroid
1210 1536 1284 1618 mm

251 1695 352 1760 greve
369 1674 420 1741 illi
440 1674 546 1744 videri
574 1676 702 1742 melum
720 1687 860 1766 poteret,
882 1673 973 1764 qnod
991 1697 1103 1764 rupte,
1126 1695 1171 1739 ex
1193 1693 1284 1738 nou·

254 1803 306 1858 teo
326 1791 400 1860 licto
426 1797 706 1880 nuntiemini,
728 1796 769 1860 ed
788 1817 822 1859 se
840 1794 1070 1882 quaerendum
1088 1794 1130 1859 sb
1153 1793 1284 1860 Atridis
1306 1822 1311 1832 ·

181 1955 183 1962 ι
252 1907 411 2000 Ulyssem
428 1924 460 1976 et
478 1911 678 1978 Diomedem
692 1911 820 1978 sudirit
837 1933 906 1976 erse
924 1913 1108 1995 delegatos:
1131 1911 1285 1999 sperabat

252 2029 342 2092 enim
359 2040 439 2095 tuno
463 2031 614 2094 maxime
637 2048 683 2115 se,
699 2033 878 2118 sn'tequem
903 2028 954 2093 illi
971 2029 1187 2114 advenirent,
1206 2049 1286 2093 cum

252 2145 480 2234 Neoptolemo
503 2147 539 2214 in
556 2143 698 2233 pstrietn
717 2169 786 2216 esso
803 2135 1046 2237 profecturom.
1068 2147 1158 2214 Vide
1175 2149 1288 2236 igitur,

255 2282 370 2332 ennon
403 2263 485 2336 heco
512 2271 654 2356 quoqne·
676 2279 735 2334 sut
755 2265 891 2334 exsilis
920 2261 1180 2354 narrationibus,
1196 2259 1290 2332 'ente

253 2380 383 2452 tatutis
396 2383 472 2458 eliie
488 2386 666 2458 tucelnn
683 2388 759 2475 sint,
780 2386 818 2454 in
840 2386 963 2476 quibus
987 2377 1185 2459 Philoctetes¹
1219 2395 1288 2452 nod

224 2506 420 2604 'scopendo
448 2525 587 2594 morsu,
604 2507 662 2576 sed
693 2527 760 2577 uns
795 2529 840 2575 ex
868 2505 992 2592 sennis
1022 2501 1091 2571 suis
1118 2505 1290 2570 venenatis

256 2621 387 2691 senciot
396 2621 501 2694 tenus
521 2637 615 2712 esset3
638 2628 729 2718 quod
746 2628 895 2693 maxime
910 2645 947 2688 ee
963 2623 1092 2688 renone
1105 2623 1142 2687 lit
1165 2622 1291 2710 probe-

256 2738 335 2828 bilq
356 2765 422 2834 que
440 2745 498 2816 ille
518 2767 618 2814 suum
638 2768 716 2813 cum
737 2745 904 2814 Her-culis·
917 2729 995 2808 cesti
1022 2739 1081 2807 illo
1108 2741 1294 2829 componit.

257 2858 462 2950 Sophoclem
482 2889 564 2932 vero
593 2887 693 2933 suum
711 2863 920 2935 Philocteteo
936 2881 1006 2926 non
1025 2860 1118 2944 heco,
1139 2860 1196 2928 sed
1222 2861 1292 2928 elie

258 2981 423 3068 quaedem
447 2981 564 3052 fecisse
582 2983 748 3052 dicentem
771 2979 864 3050 houd
882 2981 1028 3046 nomme
1043 2978 1084 3045 iis
1114 2977 1296 3065 significari

258 3096 406 3183 vitetur,
428 3123 514 3192 quse
531 3098 775 3192 Neoptolemus
796 3099 995 3188 respondet:
1017 3097 1187 3168 Evenient
1209 3096 1294 3162 doec

260 3200 365 3304 nodis,
388 3216 453 3284 hoo
475 3230 524 3286 est
547 3220 636 3286 midi
656 3241 697 3290 oo
715 3217 907 3302 eitrsenatt
924 3217 1015 3285 enim
1044 3217 1171 3300 ntitnr3
1193 3235 1292 3304 quae,

258 3345 300 3401 tet
321 3355 412 3404 nuno
440 3337 533 3405 locus
558 3337 691 3428 legitur,
713 3337 804 3407 houd
828 3337 926 3404 velde
956 3347 1033 3422 epte
1054 3346 1146 3405 sunt.
1215 3358 1220 3368 ¹

268 3507 276 3522 .
363 3455 436 3524 Neo
470 3459 584 3526 minus
607 3471 760 3548 suspecte
784 3477 846 3545 ego
871 3457 928 3525 ills
951 3453 1079 3538 habeo,
1100 3453 1136 3517 in
1162 3451 1287 3540 quibui

261 3581 294 3640 et
321 3573 557 3646 Achilleorum
588 3567 949 3645 ermerumiudicium
974 3585 1007 3638 et
1031 3570 1146 3638 Aiecis
1173 3569 1295 3638 infeli-

261 3692 341 3758 o‘itss
360 3708 647 3766 commemoretur
664 3687 709 3790 ὅ).
753 3695 842 3765 Nem
859 3691 895 3762 ln
912 3691 1047 3762 isbolee
1063 3691 1173 3778 initio,
1193 3690 1291 3779 qnod

263 3862 287 3930 ι)
304 3883 330 3920 v.
345 3866 405 3923 668.

262 3963 286 4030 ²)
303 3966 335 4020 εἰ
351 3967 506 4040 Apollodoe,
522 3972 569 4028 nt.
589 3973 668 4038 te&
716 3969 742 4038 fil
760 3989 785 4022 v.
804 3969 876 4026 1541.
894 3985 950 4038 sqq.
