2902 4704
1111 281 1195 368 o25

172 483 316 553 persona
342 459 534 548 Thespidis'
550 457 676 524 factum
699 475 787 542 esse,
810 467 850 522 ut
873 451 1062 524 Pisiitrstus
1090 457 1126 524 in
1142 463 1206 528 col

169 583 365 669 gitaticnem
402 578 537 649 veniret
560 585 663 644 semet
688 575 907 662 vulnerandi,
929 577 972 642 ad
1004 581 1201 664 exemplum

169 699 331 787 Ulyssis.·
355 687 404 762 Ut
430 696 595 786 posterior
619 696 674 764 hic
701 695 923 784 locas'priori
948 693 1126 762 refutando
1142 699 1196 766 sit·
1271 747 1275 753 -

170 813 237 894 Ros
262 817 347 882 mihi
371 815 504 885 videtur
525 815 607 882 hooc
625 836 711 883 esso:
730 813 849 886 'Finxit
876 814 959 896 hoo,
992 813 1199 902 divulgavit·
1273 895 1274 900 ἵ

168 957 234 1023 que
251 935 362 1001 nescio
383 935 467 1024 quis,
491 935 531 1000 de
550 935 687 1020 Solone,
710 945 869 1022 tanquam
889 932 990 1019 quod,
1004 933 1200 1002 conueniret

168 1075 333 1143 personae
350 1054 523 1142 prudentis
541 1053 757 1142 legislatoris3
781 1071 819 1118 ec
838 1050 1047 1138 Plutarchus,
1067 1054 1125 1141 qui
1143 1056 1197 1120 ni·
1254 1050 1258 1059 '

168 1173 218 1240 hil
243 1193 391 1262 unquam
417 1173 638 1245 memorabile
654 1171 784 1238 silentio
804 1172 985 1258 prosterirc
1004 1171 1099 1259 solct,
1121 1173 1203 1241 licet

117 1279 120 1286 ¹
170 1313 213 1359 ex
241 1295 336 1358 omni
361 1305 456 1383 parts
472 1316 552 1360 cum
576 1307 782 1380 temporum,
799 1288 987 1371 ustionibus
1015 1309 1085 1356 non
1115 1313 1199 1360 con·

164 1423 275 1497 gruat,
297 1425 471 1500 peccatum
492 1412 609 1496 duxit,
644 1410 669 1474 si
698 1407 732 1472 id
755 1408 1052 1494 praetermitteret,
1089 1421 1198 1498 quum

167 1543 355 1618 exponeret
384 1533 489 1594 ritem
510 1519 683 1594 Solonis.’'
705 1528 756 1593 At
776 1547 857 1601 vero
886 1526 923 1592 irs
936 1527 987 1590 lus
1002 1526 1115 1610 priora
1139 1529 1198 1598 ills
1257 1545 1261 1552 '

167 1647 211 1710 de
227 1646 427 1732 Phrynicho
449 1656 482 1710 at
508 1645 694 1736 Aeschylo,
719 1642 1104 1731 utoemonmavimus,
1126 1665 1199 1713 non

170 1762 379 1849 impediunt,
403 1767 602 1850 quominus
627 1763 728 1846 etism
759 1760 967 1858 Thospidem
991 1762 1029 1828 in
1051 1763 1119 1831 sarii
1143 1765 1200 1831 lus

170 1879 220 1946 dis
245 1903 288 1946 ex
314 1881 448 1968 Ulyssis
475 1881 694 1971 aliorumque¹
724 1881 869 1950 heroum
892 1879 993 1947 robus
1008 1884 1109 1969 gestis
1127 1883 1199 1952 brat

168 2021 223 2084 ves
248 2001 407 2088 quasdam
440 2005 640 2090 expressisse
671 2001 837 2069 historias
860 2001 1054 2088 credemus,
1087 2025 1200 2092 neque
1307 2093 1309 2103 k

166 2118 351 2186 laudandus
367 2133 415 2188 est
432 2121 612 2202 Bentloius,
633 2121 693 2208 qui
708 2121 774 2188 levi
792 2137 871 2186 sans
885 2131 918 2186 et
935 2119 1051 2187 audaci
1070 2123 1200 2190 coniec·
1260 2183 1265 2198 .

166 2248 254 2324 ture,
281 2252 420 2328 propter
440 2240 539 2308 illurn
561 2241 687 2327 locum,
704 2239 792 2309 hano
818 2237 862 2330 tle
879 2238 1005 2308 Solone
1028 2242 1199 2316 narratio-

166 2377 246 2424 nem
261 2357 374 2424 fictam
390 2381 459 2425 esse
479 2371 510 2424 et
528 2359 732 2426 aPlutsrcho
749 2370 876 2426 temere
892 2367 1060 2447 receptam
1073 2362 1201 2430 stetuitt

272 2509 348 2591 Sed,
371 2519 409 2572 ut
430 2508 496 2572 iam
519 2509 561 2573 ad
582 2509 696 2598 ipsum
717 2509 833 2574 locum
855 2509 953 2577 illum
967 2521 1197 2600 revertamur:

171 2625 326 2713 equidem
350 2625 570 2694 Plutarchum
592 2630 628 2693 in
651 2648 689 2693 eo
712 2647 923 2714 nequaquem
945 2628 1118 2694 indixisse
1136 2617 1204 2717 qiu-⁴

169 2757 226 2831 to,
250 2744 342 2832 quotl
366 2746 431 2810 viri
456 2745 543 2811 docti
565 2757 770 2812 sumserunt!
809 2746 1015 2834 Thespidem
1044 2745 1082 2811 in
1103 2768 1201 2815 scena

165 2863 326 2954 Ulyssem
342 2865 553 2954 expressisse,
576 2884 721 2951 eumque
744 2875 856 2951 postea
873 2863 1082 2931 Pisistratum
1102 2865 1197 2932 frau-

159 2981 322 3050 ¹‹lulentsr
353 2998 422 3050 esse
453 2985 642 3070 imitetum3
670 2984 732 3048 sed
753 2982 810 3049 hic
831 3002 928 3050 error
956 2991 1030 3050 tom
1061 3007 1104 3052 ex
1125 2982 1202 3076 ipsar

166 3101 313 3170 duarum
336 3105 567 3171 narrationum
585 3105 821 3173 coniunctione
838 3102 976 3192 ancipiti
992 3113 1100 3194 ortus,
1122 3119 1198 3175 tum

106 3215 107 3218 '
169 3234 284 3288 suctus
307 3226 406 3290 etism
428 3225 554 3291 Loertii
576 3225 660 3290 vitio
683 3233 750 3309 est,
771 3223 883 3311 inepte
904 3221 1120 3303 Plutarchum
1141 3225 1197 3292 in-

170 3344 350 3430 terpretati.
395 3341 434 3408 In
470 3345 540 3410 sius
578 3323 666 3408 enirn
700 3341 825 3406 Solone
857 3341 939 3428 haec
973 3341 1134 3429 legimus:
1160 3349 1194 3428 r)

174 3459 371 3548 Tisespsclem
386 3461 568 3552 prohibuit,
585 3483 628 3526 ne
648 3461 842 3547 tragoedias
862 3472 978 3548 ageret
998 3484 1039 3526 oc
1055 3462 1197 3548 doceret,

168 3575 321 3644 inutilem
342 3598 417 3648 eum
430 3577 725 3669 fhlss'loqucntiom
740 3579 945 3647 ratusxcom
967 3575 1074 3669 igitur
1099 3579 1198 3646 Pisi-

166 3705 288 3760 stratus
307 3721 341 3762 se
362 3701 435 3787 ipse
455 3700 668 3789 vulnerasset,
692 3699 799 3786 illinc,
821 3700 883 3789 cit,
904 3701 986 3767 hoec
1007 3708 1080 3763 orto
1102 3689 1199 3762 sunt!

169 3918 452 3991 nffifflmm
