<?xml version="1.0" encoding="UTF-8"?>
<!DOCTYPE html PUBLIC "-//W3C//DTD XHTML 1.0 Transitional//EN"
    "http://www.w3.org/TR/xhtml1/DTD/xhtml1-transitional.dtd">
<html xmlns="http://www.w3.org/1999/xhtml" xml:lang="en" lang="en">
 <head>
  <title>
</title>
<meta http-equiv="Content-Type" content="text/html;charset=utf-8" />
  <meta name='ocr-system' content='tesseract 3.04.00' />
  <meta name='ocr-capabilities' content='ocr_page ocr_carea ocr_par ocr_line ocrx_word'/>
</head>
<body>
  <div class='ocr_page' id='page_1' title='image "./sophocleaequaes00jacogoog_0329.png"; bbox 0 0 2864 4710; ppageno 0'>
   <div class='ocr_carea' id='block_1_1' title="bbox 254 251 439 346">
    <p class='ocr_par' dir='ltr' id='par_1_1' title="bbox 254 251 439 346">
     <span class='ocr_line' id='line_1_1' title="bbox 254 251 439 346; baseline -0.043 -6"><span class='ocrx_word' id='word_1_1' title='bbox 254 251 337 346; x_wconf 78' lang='lat'>528</span> <span class='ocrx_word' id='word_1_2' title='bbox 436 327 439 332; x_wconf 84' lang='lat'>.</span> 
     </span>
    </p>
   </div>
   <div class='ocr_carea' id='block_1_2' title="bbox 161 421 1358 2184">
    <p class='ocr_par' dir='ltr' id='par_1_2' title="bbox 161 421 1358 2184">
     <span class='ocr_line' id='line_1_2' title="bbox 251 421 1284 524; baseline 0.007 -26"><span class='ocrx_word' id='word_1_3' title='bbox 251 421 350 500; x_wconf 70' lang='lat' dir='ltr'>totus</span> <span class='ocrx_word' id='word_1_4' title='bbox 366 443 477 502; x_wconf 80' lang='lat' dir='ltr'>terme</span> <span class='ocrx_word' id='word_1_5' title='bbox 492 457 603 504; x_wconf 77' lang='lat' dir='ltr'>conam</span> <span class='ocrx_word' id='word_1_6' title='bbox 649 435 703 502; x_wconf 85' lang='lat' dir='ltr'>Aa</span> <span class='ocrx_word' id='word_1_7' title='bbox 722 445 844 524; x_wconf 79' lang='lat' dir='ltr'>postea:</span> <span class='ocrx_word' id='word_1_8' title='bbox 868 434 970 504; x_wconf 83' lang='lat' dir='ltr'>Nunc</span> <span class='ocrx_word' id='word_1_9' title='bbox 984 453 1064 504; x_wconf 77' lang='lat' dir='ltr'>&#39;caro</span> <span class='ocrx_word' id='word_1_10' title='bbox 1079 441 1284 505; x_wconf 75' lang='lat' dir='ltr'>auctarium</span> 
     </span>
     <span class='ocr_line' id='line_1_3' title="bbox 250 551 1284 644; baseline 0.007 -28"><span class='ocrx_word' id='word_1_11' title='bbox 250 551 324 640; x_wconf 80' lang='lat' dir='ltr'>ipae</span> <span class='ocrx_word' id='word_1_12' title='bbox 349 575 484 643; x_wconf 74' lang='lat' dir='ltr'>quoqne,</span> <span class='ocrx_word' id='word_1_13' title='bbox 509 561 522 640; x_wconf 86' lang='lat'><strong>(</strong></span> <span class='ocrx_word' id='word_1_14' title='bbox 533 577 577 622; x_wconf 89' lang='lat' dir='ltr'>ao.</span> <span class='ocrx_word' id='word_1_15' title='bbox 603 555 784 644; x_wconf 81' lang='lat' dir='ltr'>indagandi</span> <span class='ocrx_word' id='word_1_16' title='bbox 803 553 1007 642; x_wconf 84' lang='lat' dir='ltr'>parricidae)</span> <span class='ocrx_word' id='word_1_17' title='bbox 1028 557 1087 644; x_wconf 72' lang='lat' dir='ltr'>qm·</span> <span class='ocrx_word' id='word_1_18' title='bbox 1102 552 1168 622; x_wconf 80' lang='lat' dir='ltr'>non</span> <span class='ocrx_word' id='word_1_19' title='bbox 1187 559 1284 624; x_wconf 86' lang='lat' dir='ltr'>modo</span> 
     </span>
     <span class='ocr_line' id='line_1_4' title="bbox 251 673 1283 764; baseline 0.008 -30"><span class='ocrx_word' id='word_1_20' title='bbox 251 690 393 756; x_wconf 79' lang='lat' dir='ltr'>regnum</span> <span class='ocrx_word' id='word_1_21' title='bbox 416 675 565 760; x_wconf 80' lang='lat' dir='ltr'>obtineo,</span> <span class='ocrx_word' id='word_1_22' title='bbox 587 673 676 764; x_wconf 75' lang='lat' dir='ltr'>quod</span> <span class='ocrx_word' id='word_1_23' title='bbox 690 674 836 741; x_wconf 77' lang='lat' dir='ltr'>obtinuit</span> <span class='ocrx_word' id='word_1_24' title='bbox 852 673 912 740; x_wconf 71' lang='lat' dir='ltr'>itte</span> <span class='ocrx_word' id='word_1_25' title='bbox 938 685 1066 762; x_wconf 76' lang='lat' dir='ltr'>antea,</span> <span class='ocrx_word' id='word_1_26' title='bbox 1087 675 1149 742; x_wconf 81' lang='lat' dir='ltr'>aad</span> <span class='ocrx_word' id='word_1_27' title='bbox 1174 677 1283 742; x_wconf 81' lang='lat' dir='ltr'>etiam</span> 
     </span>
     <span class='ocr_line' id='line_1_5' title="bbox 161 785 1298 889; baseline 0.004 -35"><span class='ocrx_word' id='word_1_28' title='bbox 161 785 165 794; x_wconf 83' lang='lat'>&#39;</span> <span class='ocrx_word' id='word_1_29' title='bbox 251 791 448 878; x_wconf 65' lang='lat' dir='ltr'>coniugium</span> <span class='ocrx_word' id='word_1_30' title='bbox 480 803 513 860; x_wconf 81' lang='lat' dir='ltr'>et</span> <span class='ocrx_word' id='word_1_31' title='bbox 538 791 691 857; x_wconf 78' lang='lat' dir='ltr'>mulieria</span> <span class='ocrx_word' id='word_1_32' title='bbox 711 793 817 881; x_wconf 77' lang='lat' dir='ltr'>prolia</span> <span class='ocrx_word' id='word_1_33' title='bbox 839 791 1109 880; x_wconf 79' lang='lat' dir='ltr'>communionem</span> <span class='ocrx_word' id='word_1_34' title='bbox 1131 805 1167 862; x_wconf 80' lang='lat' dir='ltr'>et</span> <span class='ocrx_word' id='word_1_35' title='bbox 1190 815 1298 889; x_wconf 44' lang='lat' dir='ltr'>cona(</span> 
     </span>
     <span class='ocr_line' id='line_1_6' title="bbox 251 909 1358 1006; baseline 0.003 -32"><span class='ocrx_word' id='word_1_36' title='bbox 251 929 367 974; x_wconf 81' lang='lat' dir='ltr'>munea</span> <span class='ocrx_word' id='word_1_37' title='bbox 397 931 474 978; x_wconf 84' lang='lat' dir='ltr'>cum</span> <span class='ocrx_word' id='word_1_38' title='bbox 499 911 558 978; x_wconf 79' lang='lat' dir='ltr'>iilo</span> <span class='ocrx_word' id='word_1_39' title='bbox 593 911 729 998; x_wconf 74' lang='lat' dir='ltr'>libam,</span> <span class='ocrx_word' id='word_1_40' title='bbox 751 912 783 977; x_wconf 84' lang='lat' dir='ltr'>ai</span> <span class='ocrx_word' id='word_1_41' title='bbox 812 913 848 978; x_wconf 77' lang='lat' dir='ltr'>ei</span> <span class='ocrx_word' id='word_1_42' title='bbox 875 909 999 978; x_wconf 66' lang='lat' dir='ltr'>subolae</span> <span class='ocrx_word' id='word_1_43' title='bbox 1028 923 1095 978; x_wconf 82' lang='lat' dir='ltr'>non</span> <span class='ocrx_word' id='word_1_44' title='bbox 1115 909 1283 1006; x_wconf 64' lang='lat' dir='ltr'>peridem,</span> <span class='ocrx_word' id='word_1_45' title='bbox 1355 982 1358 990; x_wconf 60' lang='grc'><strong><em>,</em></strong></span> 
     </span>
     <span class='ocr_line' id='line_1_7' title="bbox 251 1025 1283 1120; baseline 0.004 -28"><span class='ocrx_word' id='word_1_46' title='bbox 251 1025 409 1094; x_wconf 68' lang='lat' dir='ltr'>neaeram</span> <span class='ocrx_word' id='word_1_47' title='bbox 420 1029 564 1116; x_wconf 72' lang='lat' dir='ltr'>genitor.</span> <span class='ocrx_word' id='word_1_48' title='bbox 608 1029 712 1097; x_wconf 80' lang='lat' dir='ltr'>Nunc</span> <span class='ocrx_word' id='word_1_49' title='bbox 729 1031 860 1101; x_wconf 80' lang='lat' dir='ltr'>veroin</span> <span class='ocrx_word' id='word_1_50' title='bbox 877 1031 971 1096; x_wconf 80' lang='lat' dir='ltr'>illiue</span> <span class='ocrx_word' id='word_1_51' title='bbox 991 1037 1090 1120; x_wconf 79' lang='lat' dir='ltr'>capnt</span> <span class='ocrx_word' id='word_1_52' title='bbox 1114 1029 1208 1098; x_wconf 77' lang='lat' dir='ltr'>mala</span> <span class='ocrx_word' id='word_1_53' title='bbox 1224 1031 1283 1096; x_wconf 87' lang='lat' dir='ltr'>in·</span> 
     </span>
     <span class='ocr_line' id='line_1_8' title="bbox 243 1131 1283 1238; baseline 0.005 -30"><span class='ocrx_word' id='word_1_54' title='bbox 243 1147 343 1231; x_wconf 75' lang='lat' dir='ltr'>graia</span> <span class='ocrx_word' id='word_1_55' title='bbox 363 1142 526 1233; x_wconf 58' lang='lat' dir='ltr'>soriano}</span> <span class='ocrx_word' id='word_1_56' title='bbox 547 1131 745 1237; x_wconf 78' lang='lat' dir='ltr'>quapropter</span> <span class='ocrx_word' id='word_1_57' title='bbox 776 1170 839 1235; x_wconf 77' lang='lat' dir='ltr'>ago</span> <span class='ocrx_word' id='word_1_58' title='bbox 861 1169 922 1238; x_wconf 83' lang='lat' dir='ltr'>pro</span> <span class='ocrx_word' id='word_1_59' title='bbox 949 1171 1006 1234; x_wconf 81' lang='lat' dir='ltr'>eo,</span> <span class='ocrx_word' id='word_1_60' title='bbox 1034 1159 1197 1238; x_wconf 71' lang='lat' dir='ltr'>tanquam</span> <span class='ocrx_word' id='word_1_61' title='bbox 1222 1167 1283 1236; x_wconf 88' lang='lat' dir='ltr'>pro</span> 
     </span>
     <span class='ocr_line' id='line_1_9' title="bbox 248 1251 1286 1356; baseline 0.006 -30"><span class='ocrx_word' id='word_1_62' title='bbox 248 1273 347 1348; x_wconf 82' lang='lat' dir='ltr'>patre</span> <span class='ocrx_word' id='word_1_63' title='bbox 383 1287 475 1351; x_wconf 83' lang='lat' dir='ltr'>meo,</span> <span class='ocrx_word' id='word_1_64' title='bbox 503 1251 735 1356; x_wconf 71' lang='lat' dir='ltr'>propugnato.</span> <span class='ocrx_word' id='word_1_65' title='bbox 778 1269 893 1356; x_wconf 84' lang='lat' dir='ltr'>&#39;Atque</span> <span class='ocrx_word' id='word_1_66' title='bbox 929 1267 982 1332; x_wconf 84' lang='lat' dir='ltr'>hia</span> <span class='ocrx_word' id='word_1_67' title='bbox 1012 1265 1138 1334; x_wconf 85' lang='lat' dir='ltr'>aimilea</span> <span class='ocrx_word' id='word_1_68' title='bbox 1163 1267 1200 1333; x_wconf 92' lang='lat' dir='ltr'>in</span> <span class='ocrx_word' id='word_1_69' title='bbox 1221 1267 1286 1332; x_wconf 83' lang='lat' dir='ltr'>hac</span> 
     </span>
     <span class='ocr_line' id='line_1_10' title="bbox 250 1376 1286 1472; baseline 0.002 -24"><span class='ocrx_word' id='word_1_70' title='bbox 250 1376 364 1448; x_wconf 78' lang='lat' dir='ltr'>tabula</span> <span class='ocrx_word' id='word_1_71' title='bbox 389 1383 556 1469; x_wconf 86' lang='lat' dir='ltr'>plurimae</span> <span class='ocrx_word' id='word_1_72' title='bbox 594 1407 695 1453; x_wconf 82' lang='lat' dir='ltr'>voces</span> <span class='ocrx_word' id='word_1_73' title='bbox 721 1397 753 1454; x_wconf 92' lang='lat' dir='ltr'>et</span> <span class='ocrx_word' id='word_1_74' title='bbox 781 1386 962 1453; x_wconf 73' lang='lat' dir='ltr'>sententiae</span> <span class='ocrx_word' id='word_1_75' title='bbox 992 1395 1088 1471; x_wconf 70' lang='lat' dir='ltr'>aunt,¹</span> <span class='ocrx_word' id='word_1_76' title='bbox 1121 1405 1225 1472; x_wconf 87' lang='lat' dir='ltr'>quae,</span> <span class='ocrx_word' id='word_1_77' title='bbox 1256 1383 1286 1450; x_wconf 79' lang='lat' dir='ltr'>ei</span> 
     </span>
     <span class='ocr_line' id='line_1_11' title="bbox 248 1479 1289 1594; baseline 0.003 -29"><span class='ocrx_word' id='word_1_78' title='bbox 248 1517 312 1590; x_wconf 82' lang='lat' dir='ltr'>per</span> <span class='ocrx_word' id='word_1_79' title='bbox 330 1521 365 1568; x_wconf 85' lang='lat' dir='ltr'>ee</span> <span class='ocrx_word' id='word_1_80' title='bbox 381 1505 607 1589; x_wconf 73' lang='lat' dir='ltr'><strong>aestimentur,</strong></span> <span class='ocrx_word' id='word_1_81' title='bbox 627 1527 726 1572; x_wconf 87' lang='lat' dir='ltr'>verae</span> <span class='ocrx_word' id='word_1_82' title='bbox 745 1507 915 1594; x_wconf 82' lang='lat' dir='ltr'>iustaeqne</span> <span class='ocrx_word' id='word_1_83' title='bbox 935 1479 1174 1591; x_wconf 43' lang='lat' dir='ltr'>videanturpin</span> <span class='ocrx_word' id='word_1_84' title='bbox 1188 1503 1289 1569; x_wconf 90' lang='lat' dir='ltr'>omni</span> 
     </span>
     <span class='ocr_line' id='line_1_12' title="bbox 250 1620 1288 1711; baseline 0.002 -25"><span class='ocrx_word' id='word_1_85' title='bbox 250 1631 364 1686; x_wconf 80' lang='lat' dir='ltr'>antem</span> <span class='ocrx_word' id='word_1_86' title='bbox 390 1643 506 1687; x_wconf 87' lang='lat' dir='ltr'>rerum</span> <span class='ocrx_word' id='word_1_87' title='bbox 528 1621 667 1690; x_wconf 86' lang='lat' dir='ltr'>illarum</span> <span class='ocrx_word' id='word_1_88' title='bbox 692 1623 922 1711; x_wconf 74' lang='lat' dir='ltr'>implicatione</span> <span class='ocrx_word' id='word_1_89' title='bbox 945 1621 1146 1710; x_wconf 80' lang='lat' dir='ltr'>graviaaime&#39;</span> <span class='ocrx_word' id='word_1_90' title='bbox 1160 1633 1192 1688; x_wconf 85' lang='lat' dir='ltr'>et</span> <span class='ocrx_word' id='word_1_91' title='bbox 1213 1620 1288 1688; x_wconf 86' lang='lat' dir='ltr'>im-</span> 
     </span>
     <span class='ocr_line' id='line_1_13' title="bbox 251 1739 1288 1828; baseline 0.002 -24"><span class='ocrx_word' id='word_1_92' title='bbox 251 1739 370 1824; x_wconf 76' lang='lat' dir='ltr'>primis</span> <span class='ocrx_word' id='word_1_93' title='bbox 395 1742 521 1826; x_wconf 75' lang='lat' dir='ltr'>tragice</span> <span class='ocrx_word' id='word_1_94' title='bbox 556 1744 717 1808; x_wconf 73' lang='lat' dir='ltr'>miseram</span> <span class='ocrx_word' id='word_1_95' title='bbox 755 1743 924 1808; x_wconf 85' lang='lat' dir='ltr'>humanae</span> <span class='ocrx_word' id='word_1_96' title='bbox 958 1753 1099 1808; x_wconf 85' lang='lat' dir='ltr'>naturae</span> <span class='ocrx_word' id='word_1_97' title='bbox 1123 1739 1288 1828; x_wconf 82' lang='lat' dir='ltr'>fragilita-</span> 
     </span>
     <span class='ocr_line' id='line_1_14' title="bbox 201 1850 1285 1946; baseline 0.006 -26"><span class='ocrx_word' id='word_1_98' title='bbox 201 1850 207 1860; x_wconf 86' lang='grc'><strong>’</strong></span> <span class='ocrx_word' id='word_1_99' title='bbox 249 1867 318 1921; x_wconf 85' lang='lat' dir='ltr'>tem</span> <span class='ocrx_word' id='word_1_100' title='bbox 353 1868 385 1922; x_wconf 88' lang='lat' dir='ltr'>et</span> <span class='ocrx_word' id='word_1_101' title='bbox 421 1860 612 1926; x_wconf 84' lang='lat' dir='ltr'>caecitatem</span> <span class='ocrx_word' id='word_1_102' title='bbox 650 1861 885 1946; x_wconf 83' lang='lat' dir='ltr'>comprobant.</span> <span class='ocrx_word' id='word_1_103' title='bbox 927 1858 1047 1927; x_wconf 87' lang='lat' dir='ltr'>Veluti</span> <span class='ocrx_word' id='word_1_104' title='bbox 1078 1857 1115 1925; x_wconf 92' lang='lat' dir='ltr'>in</span> <span class='ocrx_word' id='word_1_105' title='bbox 1140 1858 1285 1926; x_wconf 82' lang='lat' dir='ltr'>exordio</span> 
     </span>
     <span class='ocr_line' id='line_1_15' title="bbox 250 1971 1289 2066; baseline 0.006 -28"><span class='ocrx_word' id='word_1_106' title='bbox 250 1971 398 2056; x_wconf 83' lang='lat' dir='ltr'>fabulae,</span> <span class='ocrx_word' id='word_1_107' title='bbox 423 1977 505 2064; x_wconf 89' lang='lat' dir='ltr'>quid</span> <span class='ocrx_word' id='word_1_108' title='bbox 522 1979 630 2064; x_wconf 79' lang='lat' dir='ltr'>specie</span> <span class='ocrx_word' id='word_1_109' title='bbox 653 1978 764 2065; x_wconf 79' lang='lat' dir='ltr'>aptius</span> <span class='ocrx_word' id='word_1_110' title='bbox 790 1990 823 2045; x_wconf 88' lang='lat' dir='ltr'>et</span> <span class='ocrx_word' id='word_1_111' title='bbox 841 1977 960 2044; x_wconf 81' lang='lat' dir='ltr'>iustine</span> <span class='ocrx_word' id='word_1_112' title='bbox 977 1999 1046 2044; x_wconf 78' lang='lat' dir='ltr'>eoae</span> <span class='ocrx_word' id='word_1_113' title='bbox 1065 1989 1172 2066; x_wconf 75' lang='lat' dir='ltr'>potent</span> <span class='ocrx_word' id='word_1_114' title='bbox 1189 1977 1289 2044; x_wconf 81' lang='lat' dir='ltr'>laude</span> 
     </span>
     <span class='ocr_line' id='line_1_16' title="bbox 252 2089 1291 2184; baseline 0.009 -30"><span class='ocrx_word' id='word_1_115' title='bbox 252 2089 333 2175; x_wconf 78' lang='lat' dir='ltr'>iila,</span> <span class='ocrx_word' id='word_1_116' title='bbox 357 2115 422 2182; x_wconf 91' lang='lat' dir='ltr'>qua</span> <span class='ocrx_word' id='word_1_117' title='bbox 455 2095 508 2160; x_wconf 83' lang='lat' dir='ltr'>vei</span> <span class='ocrx_word' id='word_1_118' title='bbox 530 2095 623 2164; x_wconf 77' lang='lat' dir='ltr'>Iovia</span> <span class='ocrx_word' id='word_1_119' title='bbox 653 2097 808 2164; x_wconf 87' lang='lat' dir='ltr'>aacerdoa</span> <span class='ocrx_word' id='word_1_120' title='bbox 846 2097 900 2164; x_wconf 84' lang='lat' dir='ltr'>vel</span> <span class='ocrx_word' id='word_1_121' title='bbox 931 2097 1054 2164; x_wconf 81' lang='lat' dir='ltr'>choma</span> <span class='ocrx_word' id='word_1_122' title='bbox 1082 2096 1291 2184; x_wconf 70' lang='lat' dir='ltr'>singularem</span> 
     </span>
    </p>
   </div>
   <div class='ocr_carea' id='block_1_3' title="bbox 123 2211 1288 2305">
    <p class='ocr_par' dir='ltr' id='par_1_3' title="bbox 123 2211 1288 2305">
     <span class='ocr_line' id='line_1_17' title="bbox 123 2211 1288 2305; baseline 0.005 -31"><span class='ocrx_word' id='word_1_123' title='bbox 123 2217 126 2224; x_wconf 88' lang='lat'>&#39;</span> <span class='ocrx_word' id='word_1_124' title='bbox 251 2229 290 2275; x_wconf 87' lang='lat' dir='ltr'>ac</span> <span class='ocrx_word' id='word_1_125' title='bbox 310 2233 393 2300; x_wconf 87' lang='lat' dir='ltr'>pene</span> <span class='ocrx_word' id='word_1_126' title='bbox 416 2211 568 2290; x_wconf 81' lang='lat' dir='ltr'>divinam</span> <span class='ocrx_word' id='word_1_127' title='bbox 585 2211 708 2304; x_wconf 81' lang='lat' dir='ltr'>Oedipi</span> <span class='ocrx_word' id='word_1_128' title='bbox 731 2218 775 2299; x_wconf 82' lang='lat' dir='ltr'>r),</span> <span class='ocrx_word' id='word_1_129' title='bbox 798 2216 857 2303; x_wconf 89' lang='lat' dir='ltr'>qui</span> <span class='ocrx_word' id='word_1_130' title='bbox 880 2214 1040 2305; x_wconf 76' lang='lat' dir='ltr'>Sphingis</span> <span class='ocrx_word' id='word_1_131' title='bbox 1057 2215 1206 2303; x_wconf 87' lang='lat' dir='ltr'>aenigma</span> <span class='ocrx_word' id='word_1_132' title='bbox 1228 2213 1288 2280; x_wconf 82' lang='lat' dir='ltr'>in·</span> 
     </span>
    </p>
   </div>
   <div class='ocr_carea' id='block_1_4' title="bbox 251 2323 1360 2896">
    <p class='ocr_par' dir='ltr' id='par_1_4' title="bbox 251 2323 1360 2896">
     <span class='ocr_line' id='line_1_18' title="bbox 251 2323 1288 2424; baseline 0.003 -29"><span class='ocrx_word' id='word_1_133' title='bbox 251 2329 439 2418; x_wconf 56' lang='lat' dir='ltr'>tellement,</span> <span class='ocrx_word' id='word_1_134' title='bbox 461 2334 672 2421; x_wconf 70' lang='lat' dir='ltr'>sagacitatem</span> <span class='ocrx_word' id='word_1_135' title='bbox 688 2323 814 2402; x_wconf 72' lang='lat' dir='ltr'>effert?</span> <span class='ocrx_word' id='word_1_136' title='bbox 836 2338 950 2424; x_wconf 85' lang='lat' dir='ltr'>Atque</span> <span class='ocrx_word' id='word_1_137' title='bbox 980 2334 1036 2400; x_wconf 87' lang='lat' dir='ltr'>hio</span> <span class='ocrx_word' id='word_1_138' title='bbox 1071 2335 1145 2420; x_wconf 79' lang='lat' dir='ltr'>vir,</span> <span class='ocrx_word' id='word_1_139' title='bbox 1168 2332 1227 2420; x_wconf 87' lang='lat' dir='ltr'>qni</span> <span class='ocrx_word' id='word_1_140' title='bbox 1253 2341 1288 2400; x_wconf 85' lang='lat' dir='ltr'>at</span> 
     </span>
     <span class='ocr_line' id='line_1_19' title="bbox 252 2445 1286 2544; baseline 0.004 -32"><span class='ocrx_word' id='word_1_141' title='bbox 252 2445 316 2514; x_wconf 91' lang='lat' dir='ltr'>aibi</span> <span class='ocrx_word' id='word_1_142' title='bbox 342 2462 374 2516; x_wconf 86' lang='lat' dir='ltr'>at</span> <span class='ocrx_word' id='word_1_143' title='bbox 395 2451 469 2518; x_wconf 85' lang='lat' dir='ltr'>aliia</span> <span class='ocrx_word' id='word_1_144' title='bbox 492 2453 755 2544; x_wconf 79' lang='lat' dir='ltr'>sapientiaaimua</span> <span class='ocrx_word' id='word_1_145' title='bbox 781 2475 850 2520; x_wconf 79' lang='lat' dir='ltr'>erae</span> <span class='ocrx_word' id='word_1_146' title='bbox 879 2463 913 2519; x_wconf 87' lang='lat' dir='ltr'>et</span> <span class='ocrx_word' id='word_1_147' title='bbox 940 2451 1191 2518; x_wconf 80' lang='lat' dir='ltr'>videre-omnia</span> <span class='ocrx_word' id='word_1_148' title='bbox 1229 2453 1286 2518; x_wconf 86' lang='lat' dir='ltr'>vi·</span> 
     </span>
     <span class='ocr_line' id='line_1_20' title="bbox 251 2547 1290 2657; baseline 0.003 -26"><span class='ocrx_word' id='word_1_149' title='bbox 251 2561 372 2648; x_wconf 77' lang='lat' dir='ltr'>detur,</span> <span class='ocrx_word' id='word_1_150' title='bbox 415 2572 611 2656; x_wconf 83' lang='lat' dir='ltr'>voraginem</span> <span class='ocrx_word' id='word_1_151' title='bbox 654 2594 725 2637; x_wconf 89' lang='lat' dir='ltr'>non</span> <span class='ocrx_word' id='word_1_152' title='bbox 775 2572 885 2656; x_wconf 83' lang='lat' dir='ltr'>videt,</span> <span class='ocrx_word' id='word_1_153' title='bbox 924 2581 1000 2636; x_wconf 85' lang='lat' dir='ltr'>ante</span> <span class='ocrx_word' id='word_1_154' title='bbox 1043 2547 1143 2657; x_wconf 80' lang='lat' dir='ltr'>pedes</span> <span class='ocrx_word' id='word_1_155' title='bbox 1193 2568 1290 2634; x_wconf 82' lang='lat' dir='ltr'>hian-</span> 
     </span>
     <span class='ocr_line' id='line_1_21' title="bbox 252 2679 1360 2780; baseline 0 -30"><span class='ocrx_word' id='word_1_156' title='bbox 252 2679 339 2780; x_wconf 74' lang='lat' dir='ltr'>tem!</span> <span class='ocrx_word' id='word_1_157' title='bbox 381 2687 447 2754; x_wconf 85' lang='lat' dir='ltr'>Sed</span> <span class='ocrx_word' id='word_1_158' title='bbox 489 2685 646 2756; x_wconf 81' lang='lat' dir='ltr'>hia&#39;tam</span> <span class='ocrx_word' id='word_1_159' title='bbox 679 2688 777 2778; x_wconf 89' lang='lat' dir='ltr'>plena</span> <span class='ocrx_word' id='word_1_160' title='bbox 813 2701 861 2756; x_wconf 88' lang='lat' dir='ltr'>eat</span> <span class='ocrx_word' id='word_1_161' title='bbox 898 2687 1031 2773; x_wconf 80' lang='lat' dir='ltr'>fabula,</span> <span class='ocrx_word' id='word_1_162' title='bbox 1075 2699 1119 2756; x_wconf 81' lang='lat' dir='ltr'>-ut</span> <span class='ocrx_word' id='word_1_163' title='bbox 1157 2685 1288 2773; x_wconf 76' lang='lat' dir='ltr'>singula</span> <span class='ocrx_word' id='word_1_164' title='bbox 1356 2741 1360 2750; x_wconf 92' lang='lat'>.</span> 
     </span>
     <span class='ocr_line' id='line_1_22' title="bbox 258 2803 1289 2896; baseline -0.001 -26"><span class='ocrx_word' id='word_1_165' title='bbox 258 2803 374 2870; x_wconf 89' lang='lat' dir='ltr'>omnia</span> <span class='ocrx_word' id='word_1_166' title='bbox 395 2818 563 2896; x_wconf 77' lang='lat' dir='ltr'>nequeant</span> <span class='ocrx_word' id='word_1_167' title='bbox 595 2806 728 2874; x_wconf 82' lang='lat' dir='ltr'>anobis</span> <span class='ocrx_word' id='word_1_168' title='bbox 752 2807 893 2874; x_wconf 84' lang='lat' dir='ltr'>laudari.</span> <span class='ocrx_word' id='word_1_169' title='bbox 918 2805 1034 2886; x_wconf 85' lang='lat' dir='ltr'>Quare</span> <span class='ocrx_word' id='word_1_170' title='bbox 1069 2827 1113 2872; x_wconf 85' lang='lat' dir='ltr'>ex</span> <span class='ocrx_word' id='word_1_171' title='bbox 1145 2804 1184 2870; x_wconf 84' lang='lat' dir='ltr'>iia</span> <span class='ocrx_word' id='word_1_172' title='bbox 1210 2815 1289 2870; x_wconf 86' lang='lat' dir='ltr'>tan·</span> 
     </span>
    </p>
   </div>
   <div class='ocr_carea' id='block_1_5' title="bbox 122 2920 1290 3013">
    <p class='ocr_par' dir='ltr' id='par_1_5' title="bbox 122 2920 1290 3013">
     <span class='ocr_line' id='line_1_23' title="bbox 122 2920 1290 3013; baseline 0.006 -32"><span class='ocrx_word' id='word_1_173' title='bbox 122 2971 124 2981; x_wconf 94' lang='lat'>.</span> <span class='ocrx_word' id='word_1_174' title='bbox 254 2929 329 2988; x_wconf 88' lang='lat' dir='ltr'>tum</span> <span class='ocrx_word' id='word_1_175' title='bbox 348 2943 385 2988; x_wconf 89' lang='lat' dir='ltr'>ea</span> <span class='ocrx_word' id='word_1_176' title='bbox 411 2923 774 3013; x_wconf 81' lang='lat' dir='ltr'>commemorabimus,</span> <span class='ocrx_word' id='word_1_177' title='bbox 796 2926 944 3012; x_wconf 87' lang='lat' dir='ltr'>adquae</span> <span class='ocrx_word' id='word_1_178' title='bbox 972 2931 1033 2990; x_wconf 87' lang='lat' dir='ltr'>noa</span> <span class='ocrx_word' id='word_1_179' title='bbox 1060 2921 1133 3010; x_wconf 88' lang='lat' dir='ltr'>ipaa</span> <span class='ocrx_word' id='word_1_180' title='bbox 1157 2920 1290 2990; x_wconf 86' lang='lat' dir='ltr'>fabulae</span> 
     </span>
    </p>
   </div>
   <div class='ocr_carea' id='block_1_6' title="bbox 179 3038 1344 3726">
    <p class='ocr_par' dir='ltr' id='par_1_6' title="bbox 254 3038 1109 3138">
     <span class='ocr_line' id='line_1_24' title="bbox 254 3038 1109 3138; baseline 0.008 -34"><span class='ocrx_word' id='word_1_181' title='bbox 254 3038 435 3109; x_wconf 82' lang='lat' dir='ltr'>deduxerit</span> <span class='ocrx_word' id='word_1_182' title='bbox 457 3042 631 3110; x_wconf 83' lang='lat' dir='ltr'>enarratio.</span> <span class='ocrx_word' id='word_1_183' title='bbox 1101 3129 1109 3138; x_wconf 80' lang='lat'><em>.</em></span> 
     </span>
    </p>

    <p class='ocr_par' dir='ltr' id='par_1_7' title="bbox 179 3158 1344 3726">
     <span class='ocr_line' id='line_1_25' title="bbox 358 3158 1344 3247; baseline 0 -20"><span class='ocrx_word' id='word_1_184' title='bbox 358 3160 509 3227; x_wconf 84' lang='lat' dir='ltr'>Advenit</span> <span class='ocrx_word' id='word_1_185' title='bbox 545 3172 622 3247; x_wconf 80' lang='lat' dir='ltr'>poet</span> <span class='ocrx_word' id='word_1_186' title='bbox 661 3159 719 3228; x_wconf 88' lang='lat' dir='ltr'>iiia</span> <span class='ocrx_word' id='word_1_187' title='bbox 752 3159 853 3228; x_wconf 81' lang='lat' dir='ltr'>verba</span> <span class='ocrx_word' id='word_1_188' title='bbox 891 3161 933 3226; x_wconf 86' lang='lat' dir='ltr'>ad</span> <span class='ocrx_word' id='word_1_189' title='bbox 971 3159 1151 3228; x_wconf 81' lang='lat' dir='ltr'>Thebanos</span> <span class='ocrx_word' id='word_1_190' title='bbox 1178 3158 1284 3247; x_wconf 83' lang='lat' dir='ltr'>faeta,</span> <span class='ocrx_word' id='word_1_191' title='bbox 1341 3172 1344 3180; x_wconf 80' lang='grc'>’</span> 
     </span>
     <span class='ocr_line' id='line_1_26' title="bbox 254 3275 1286 3368; baseline 0.004 -26"><span class='ocrx_word' id='word_1_192' title='bbox 254 3295 315 3364; x_wconf 92' lang='lat' dir='ltr'>per</span> <span class='ocrx_word' id='word_1_193' title='bbox 342 3275 522 3346; x_wconf 83' lang='lat' dir='ltr'>Creontem</span> <span class='ocrx_word' id='word_1_194' title='bbox 550 3280 672 3348; x_wconf 81' lang='lat' dir='ltr'>accitus</span> <span class='ocrx_word' id='word_1_195' title='bbox 689 3280 730 3345; x_wconf 81' lang='lat' dir='ltr'>ab</span> <span class='ocrx_word' id='word_1_196' title='bbox 756 3277 901 3368; x_wconf 81' lang='lat' dir='ltr'>Oedipo,</span> <span class='ocrx_word' id='word_1_197' title='bbox 920 3279 1082 3366; x_wconf 67' lang='lat' dir='ltr'>Tiresian·</span> <span class='ocrx_word' id='word_1_198' title='bbox 1099 3289 1192 3345; x_wconf 79' lang='lat' dir='ltr'>vater</span> <span class='ocrx_word' id='word_1_199' title='bbox 1211 3297 1286 3346; x_wconf 86' lang='lat' dir='ltr'>cae·</span> 
     </span>
     <span class='ocr_line' id='line_1_27' title="bbox 179 3385 1290 3486; baseline 0.006 -28"><span class='ocrx_word' id='word_1_200' title='bbox 179 3385 184 3396; x_wconf 91' lang='grc'><strong><em>’</em></strong></span> <span class='ocrx_word' id='word_1_201' title='bbox 253 3415 325 3483; x_wconf 87' lang='lat' dir='ltr'>cua,</span> <span class='ocrx_word' id='word_1_202' title='bbox 348 3395 407 3486; x_wconf 88' lang='lat' dir='ltr'>qui</span> <span class='ocrx_word' id='word_1_203' title='bbox 438 3397 552 3485; x_wconf 83' lang='lat' dir='ltr'>initio,</span> <span class='ocrx_word' id='word_1_204' title='bbox 575 3419 654 3466; x_wconf 86' lang='lat' dir='ltr'>oum</span> <span class='ocrx_word' id='word_1_205' title='bbox 685 3399 769 3468; x_wconf 87' lang='lat' dir='ltr'>bene</span> <span class='ocrx_word' id='word_1_206' title='bbox 796 3396 885 3476; x_wconf 84' lang='lat' dir='ltr'>mala</span> <span class='ocrx_word' id='word_1_207' title='bbox 909 3397 970 3466; x_wconf 85' lang='lat' dir='ltr'>ista</span> <span class='ocrx_word' id='word_1_208' title='bbox 1001 3399 1208 3484; x_wconf 75' lang='lat' dir='ltr'>cognoverit,</span> <span class='ocrx_word' id='word_1_209' title='bbox 1229 3419 1290 3464; x_wconf 87' lang='lat' dir='ltr'>ne·</span> 
     </span>
     <span class='ocr_line' id='line_1_28' title="bbox 253 3515 1296 3608; baseline 0.005 -30"><span class='ocrx_word' id='word_1_210' title='bbox 253 3525 360 3600; x_wconf 83' lang='lat' dir='ltr'>gatae</span> <span class='ocrx_word' id='word_1_211' title='bbox 386 3537 423 3583; x_wconf 89' lang='lat' dir='ltr'>ea</span> <span class='ocrx_word' id='word_1_212' title='bbox 452 3515 539 3583; x_wconf 85' lang='lat' dir='ltr'>velie</span> <span class='ocrx_word' id='word_1_213' title='bbox 571 3519 721 3608; x_wconf 82' lang='lat' dir='ltr'>aperire3</span> <span class='ocrx_word' id='word_1_214' title='bbox 742 3541 811 3584; x_wconf 82' lang='lat' dir='ltr'>oeae</span> <span class='ocrx_word' id='word_1_215' title='bbox 836 3519 927 3585; x_wconf 89' lang='lat' dir='ltr'>anim</span> <span class='ocrx_word' id='word_1_216' title='bbox 962 3517 1108 3582; x_wconf 86' lang='lat' dir='ltr'>nimium</span> <span class='ocrx_word' id='word_1_217' title='bbox 1137 3517 1206 3603; x_wconf 87' lang='lat' dir='ltr'>ipai</span> <span class='ocrx_word' id='word_1_218' title='bbox 1235 3537 1296 3584; x_wconf 88' lang='lat' dir='ltr'>ra-</span> 
     </span>
     <span class='ocr_line' id='line_1_29' title="bbox 254 3631 1295 3726; baseline 0.005 -29"><span class='ocrx_word' id='word_1_219' title='bbox 254 3631 286 3720; x_wconf 75' lang='lat' dir='ltr'>gt</span> <span class='ocrx_word' id='word_1_220' title='bbox 307 3633 420 3702; x_wconf 76' lang='lat' dir='ltr'>tristia</span> <span class='ocrx_word' id='word_1_221' title='bbox 449 3636 611 3726; x_wconf 86' lang='lat' dir='ltr'>brevique</span> <span class='ocrx_word' id='word_1_222' title='bbox 632 3634 706 3705; x_wconf 85' lang='lat' dir='ltr'>sore</span> <span class='ocrx_word' id='word_1_223' title='bbox 732 3657 791 3704; x_wconf 86' lang='lat' dir='ltr'>aua</span> <span class='ocrx_word' id='word_1_224' title='bbox 822 3647 943 3723; x_wconf 78' lang='lat' dir='ltr'>epoota</span> <span class='ocrx_word' id='word_1_225' title='bbox 967 3633 1045 3702; x_wconf 83' lang='lat' dir='ltr'>antis</span> <span class='ocrx_word' id='word_1_226' title='bbox 1073 3636 1186 3704; x_wconf 87' lang='lat' dir='ltr'>omnia</span> <span class='ocrx_word' id='word_1_227' title='bbox 1212 3651 1295 3724; x_wconf 84' lang='lat' dir='ltr'>per·</span> 
     </span>
    </p>
   </div>
   <div class='ocr_carea' id='block_1_7' title="bbox 254 3839 935 3964">
    <p class='ocr_par' dir='ltr' id='par_1_8' title="bbox 254 3839 935 3964">
     <span class='ocr_line' id='line_1_30' title="bbox 254 3839 935 3964; baseline 0.007 -22"><span class='ocrx_word' id='word_1_228' title='bbox 254 3889 279 3956; x_wconf 83' lang='grc' dir='ltr'>ι)</span> <span class='ocrx_word' id='word_1_229' title='bbox 293 3908 320 3944; x_wconf 81' lang='lat' dir='ltr'>v·</span> <span class='ocrx_word' id='word_1_230' title='bbox 333 3891 447 3960; x_wconf 78' lang='lat' dir='ltr'>51·.aqq.</span> <span class='ocrx_word' id='word_1_231' title='bbox 464 3894 574 3947; x_wconf 78' lang='lat' dir='ltr'>maxime</span> <span class='ocrx_word' id='word_1_232' title='bbox 590 3911 652 3948; x_wconf 79' lang='lat' dir='ltr'>vero</span> <span class='ocrx_word' id='word_1_233' title='bbox 671 3839 698 3946; x_wconf 62' lang='lat' dir='ltr'>vi</span> <span class='ocrx_word' id='word_1_234' title='bbox 715 3892 757 3948; x_wconf 76' lang='lat'>54.</span> <span class='ocrx_word' id='word_1_235' title='bbox 779 3891 855 3948; x_wconf 81' lang='lat' dir='ltr'>ntt</span> <span class='ocrx_word' id='word_1_236' title='bbox 875 3911 935 3964; x_wconf 67' lang='grc' dir='ltr'>ης.</span> 
     </span>
    </p>
   </div>
   <div class='ocr_carea' id='block_1_8' title="bbox 0 0 1442 4710">
    <p class='ocr_par' dir='ltr' id='par_1_9' title="bbox 0 0 1442 4710">
     <span class='ocr_line' id='line_1_31' title="bbox 0 0 1442 4710; baseline 0 0"><span class='ocrx_word' id='word_1_237' title='bbox 0 0 1442 4710; x_wconf 95' lang='lat' dir='ltr'> </span> 
     </span>
    </p>
   </div>
  </div>
 </body>
</html>
