2864 4710
1094 279 1172 380 551

151 468 216 545 tria
244 481 277 538 et
293 462 459 555 imperio,
488 459 685 550 gravissima
700 457 815 529 omnia
842 458 978 526 Creonti
1009 459 1179 551 minatus-3

153 595 245 678 qood
270 589 414 674 denique
440 582 480 646 ab
502 581 632 660 Tiresia
655 591 689 646 et
709 577 870 664 Creonte,
893 579 1014 666 amico,
1029 580 1092 655 sibi
1116 605 1179 672 pa-

152 709 223 775 rari
252 706 399 792 pericula
417 702 614 791 suspicatur:
630 697 848 782 tristissima,
868 697 990 786 quibus
1019 700 1097 770 tem
1124 705 1180 770 in.

154 823 264 908 teuiit,
286 821 375 888 mala
416 813 485 888 non
520 819 676 906 agnoscit.
735 820 850 903 Atque
880 819 916 882 in
949 817 1012 884 hac
1045 843 1183 912 quoque

154 940 278 1030 Oedipi
306 963 384 1006 cum
413 939 542 1006 Tiresia
568 951 600 1004 et
629 937 772 1004 Oreonte
813 935 1046 1026 contentione,
1070 963 1183 1030 quan.

153 1071 187 1126 ta
212 1061 247 1126 in
271 1058 548 1144 siuguliamultis
577 1057 628 1124 vis
653 1055 750 1137 insit,
772 1054 848 1140 quis
872 1076 941 1121 non
966 1055 1089 1124 viderit
1119 1055 1183 1144 el?

155 1179 439 1247 Praeclarimime
465 1189 577 1243 autem
612 1187 645 1242 et
681 1171 872 1239 admirabili
904 1193 986 1249 cum¹
1012 1187 1084 1246 arte
1114 1178 1183 1246 So.

154 1298 292 1384 phcclas
321 1300 484 1382 Jocsstes,
508 1307 606 1380 quae,
623 1290 736 1358 auditu
759 1288 816 1354 illa
841 1290 1073 1376 contentione,
1095 1316 1181 1382 pro-⁶

156 1415 309 1502 graditur
341 1437 386 1482 cx
421 1415 566 1503 palatio,
596 1422 706 1498 partes
745 1407 901 1474 instituit.
952 1407 1046 1476 Haec
1070 1415 1183 1504 euim,

154 1557 226 1600 nou
250 1544 405 1600 contenta
427 1553 486 1616 eo,
510 1527 601 1617 quod
635 1549 712 1594 cum
751 1525 897 1592 Creonte
931 1525 1054 1616 Oedipi
1087 1521 1205 1604 litem
1242 1511 1246 1521 ¹

153 1650 249 1736 illam
285 1650 431 1736 sedavit,
463 1671 592 1734 omnes,
616 1645 749 1734 quibus,
774 1645 935 1732 agitatum
966 1645 1058 1714 hunc
1082 1653 1184 1742 videt,

159 1789 338 1836 removere
358 1767 600 1838 sollicitudines
624 1766 719 1853 cupit
740 1785 847 1858 ecqua
883 1765 975 1854 ipso,
1010 1777 1050 1834 ut
1075 1770 1182 1838 scele-
1299 1799 1303 1822 .

157 1909 198 1956 aa
218 1888 363 1973 ingentia
389 1887 449 1954 ista
475 1888 587 1953 omnia
617 1884 790 1974 patefiant,
812 1882 921 1950 efficit.

259 2005 380 2094 Incipit
406 2006 529 2074 mulier
554 2027 605 2088 ea,
623 2015 764 2093 quaest,
787 2001 921 2070 levitate
941 2006 984 2068 ab
1011 2007 1186 2080 vaticinia·
1214 2043 1219 2072 ι

155 2145 233 2192 rum
258 2123 324 2190 lide
351 2124 601 2212 imminuenda,
631 2145 778 2213 cumque
810 2121 873 2190 eibi
903 2122 998 2214 loqui
1030 2129 1186 2216 prudeu-

154 2243 282 2310 tissime
310 2243 454 2331 videtur,
477 2243 671 2331 Oedipum,
695 2265 794 2330 quem
831 2241 998 2310 modoad
1037 2246 1187 2316 clarissi-

156 2383 248 2430 mam
281 2363 453 2430 malorum
491 2383 633 2428 suorum
663 2360 909 2428 enarrationem
925 2361 1084 2428 ⁸surdum
1105 2385 1188 2433 con-

157 2479 350 2566 speximus,
382 2501 453 2546 unc
480 2478 603 2562 verbo,
626 2499 723 2558 casu,
745 2489 782 2543 ut
806 2477 959 2565 videtur,
985 2482 1188 2568 pronuntia·

158 2608 214 2680 tc,
236 2596 283 2664 sic
309 2597 485 2687 pertersit,
507 2607 547 2662 ut
577 2617 685 2684 neque
712 2597 869 2684 proxime
897 2599 1084 2686 aequantia,
1116 2625 1187 2670 nou

159 2716 271 2810 miuus
298 2718 415 2803 gravia
438 2720 496 2804 a),
518 2713 652 2798 audiat,
675 2727 709 2780 et
736 2716 814 2803 iam,
849 2738 980 2784 summa
1005 2739 1085 2784 cum
1111 2724 1189 2790 aui·

158 2835 206 2904 mi
230 2835 466 2916 commotione,
489 2857 557 2900 non
583 2855 723 2922 prorsus
744 2833 855 2903 inania
871 2833 973 2902 fuisse
996 2839 1083 2906 vatia
1106 2863 1188 2906 ver-

159 2955 203 3020 ba
223 2957 409 3042 suspicetur
430 2955 477 3038 ὅ).
520 2941 650 3020 Jocaste
676 2954 781 3039 enim,
809 2955 903 3040 quasi
927 2959 1186 3045 praetereundo,

156 3074 194 3140 iu
215 3073 318 3140 trivio
336 3073 483 3160 quodam
509 3073 644 3161 periisse
670 3073 793 3146 [aium
811 3075 1023 3142 memoravit.
1065 3073 1106 3142 Iu
1127 3080 1187 3146 tri.

159 3192 218 3260 vio
241 3203 353 3260 nutem
369 3214 455 3266 ‚cum
481 3193 582 3258 etiam
609 3190 760 3281 Oedipus
788 3213 823 3258 se
842 3181 1047 3266 interfecisse
1068 3195 1182 3264 humi-

159 3333 238 3380 nem
277 3310 488 3381 meminerit:
519 3311 721 3399 inquirendo
758 3311 852 3378 bravi
888 3333 927 3380 eo
958 3314 1129 3402 pervenit,
1151 3329 1190 3382 ut

159 3444 194 3498 et
219 3433 353 3518 lucum,
376 3448 409 3500 et
442 3445 596 3522 tempus,
619 3443 651 3498 ct
669 3429 823 3496 habitum
846 3441 946 3518 atqua
972 3443 1111 3500 aetatem
1127 3457 1190 3500 co-

159 3549 325 3640 mitesque
351 3552 426 3620 Lnii
452 3553 550 3642 plane
568 3553 605 3617 in
622 3572 724 3617 sunm
744 3550 927 3624 convenire
945 3548 1074 3620 lacinus
1101 3553 1191 3622 istud

161 3682 346 3754 cognoscat.
375 3672 449 3742 Una
467 3677 503 3742 in
525 3695 565 3741 ao
583 3670 698 3738 salutis
716 3689 792 3759 spes
809 3670 949 3759 reliqua,
972 3671 1065 3760 quod
1087 3669 1190 3740 Oedi·

164 3839 189 3908 ι)
205 3841 240 3892 sn
262 3859 287 3893 v.
304 3843 362 3909 ³07·
381 3844 440 3898 en.
460 3845 519 3914 5⁴9·
543 3863 601 3915 sqq.
621 3865 647 3902 v.
664 3844 722 3900 4³5.
738 3861 793 3912 uqa·
818 3842 874 3914 5⁵7·
895 3860 950 3912 tae

88 3959 92 3970 ·
167 3940 194 4006 1)
211 3958 238 3994 ι·
254 3959 311 4010 709·
343 3940 373 4008 5)
391 3961 417 3998 v·
438 3945 497 4011 737·
