2864 4710
1100 251 1184 421 329

147 475 275 565 ipieua.
319 471 434 540 Postea
454 469 586 561 tanien,
610 453 734 560 Oedipi
754 467 832 537 irati
859 463 1076 541 exacerbatus
1097 499 1185 547 eona

51 643 54 648 -
147 598 264 673 viciis,
286 593 382 658 claris
415 591 527 658 uerbis
549 593 661 680 ipsum
690 589 794 680 patria
817 589 1087 681 interfectorem,
1107 619 1185 666 man
1241 683 1243 698 .

148 715 211 780 tris
252 715 438 793 maritum,
468 711 656 778 liberorum
694 725 837 775 suorum
863 717 866 722 '
874 721 1006 798 patrem
1040 717 1188 789 eundem
1304 757 1307 776 ,

100 865 103 876 =
148 845 250 919 atque
283 823 445 916 fratrem,
477 831 623 920 denique
660 829 834 916 omnium,
866 841 1033 918 quotquot
1062 833 1191 930 luerint

145 973 321 1039 unquam,
346 947 525 1016 bominum
559 949 788 1016 miserrimum
814 948 961 1047 appellat
991 953 1034 1042 ι).
1077 955 1188 1028 Mira.

149 1070 177 1135 ti
209 1081 288 1135 sunt
320 1071 462 1158 quidam
486 1081 537 1155 et,
569 1068 756 1157 quoniam,
789 1065 1001 1138 festinatione
1034 1073 1190 1164 impediti

36 1173 45 1187 ⁸
87 1257 88 1262 ,
149 1210 222 1274 aua,
254 1189 317 1274 ipsi
343 1211 415 1255 rem
447 1211 518 1254 nou
550 1195 815 1277 perspexerunt,
849 1186 1084 1274 vituperatum
1119 1199 1187 1266 So..
1227 1177 1232 1182 ⁵

149 1306 327 1394 pboclem,
351 1301 444 1393 quasi
471 1307 559 1372 hene
583 1305 708 1392 Oedipi
735 1302 925 1396 caecitatem
958 1307 1096 1380 finxerit
1127 1329 1189 1406 pat

149 1447 232 1492 rum
253 1426 484 1513 probabiliter.
509 1423 573 1492 Sed
601 1425 750 1512 primum
768 1423 834 1510 bie,
851 1413 1003 1493 irritatus
1021 1431 1188 1506 obstinata

151 1543 302 1612 Tiresiae
334 1543 580 1628 taciturnitate,
613 1554 682 1607 tarn
716 1542 873 1628 gravibus
908 1567 987 1612 eum
1026 1551 1190 1627 lacessivit

152 1663 357 1748 opprobriis,
374 1675 412 1727 ut
421 1661 517 1730 facile
534 1682 612 1729 eum
624 1673 734 1749 postea
753 1673 826 1729 turn
837 1665 909 1751 ipse
924 1677 998 1732 tum
1015 1669 1139 1741 chorus
1153 1677 1188 1766 a)

147 1782 261 1865 ,megia
294 1780 381 1846 iram
417 1799 513 1847 suain
548 1781 663 1870 sequi,
696 1802 797 1868 quam
831 1784 1003 1852 veritatem
1033 1794 1193 1864 crederet.

150 1897 286 1968 Deinde
309 1923 411 1987 vero,
427 1903 492 1988 ‚qui
523 1911 653 1989 poterat
685 1899 838 1990 Oedipus
860 1925 895 1970 se
914 1925 978 1990 pro
994 1909 1080 1996 regis
1104 1935 1187 2002 par.

151 2018 255 2083 rieida
276 2019 408 2104 babere,
431 2041 531 2106 quem
562 2029 716 2084 constans
734 2017 825 2087 fama
853 2021 1086 2107 per-latrones
1113 2031 1186 2100 ler-

138 2149 204 2202 vret
235 2150 390 2226 pecatum
417 2129 514 2229 esse?
536 2139 584 2204 At
613 2159 694 2204 vero
721 2137 757 2202 in
787 2140 969 2207 clarissima
994 2147 1080 2212 vetis
1113 2170 1191 2218 ma·

152 2253 266 2338 lorum
293 2257 398 2345 ipsius
421 2257 633 2324 enarratione
665 2254 723 2322 illa
754 2279 885 2326 necesse
913 2273 1001 2348 erat,
1037 2264 1191 2356 Oedipus

154 2375 208 2438 vel
239 2374 283 2445 da
322 2397 362 2440 eo
398 2376 576 2459 cogitaret,
608 2374 699 2459 quod
742 2375 924 2461 aliqnando
963 2375 1000 2444 iu
1022 2386 1191 2456 convivio
1306 2459 1310 2467 ,

153 2513 189 2556 se
220 2511 291 2555 non
321 2511 391 2556 essa
428 2489 553 2574 Polybi
588 2473 700 2554 filiurn
730 2491 933 2581 audivisset,
980 2492 1034 2564 vel
1060 2507 1190 2573 oraculi
1298 2588 1304 2597 .

95 2640 126 2708 ᾗ
155 2608 392 2677 recordaretur
425 2607 539 2689 illius,
572 2600 663 2693 quod
693 2609 807 2679 eadem
849 2611 878 2677 ei
905 2616 1019 2682 omnia
1054 2601 1193 2707 praedi.

50 2790 58 2800 ,
155 2722 259 2792 nisset
280 2723 394 2812 malo,
418 2747 503 2815 quaa
529 2745 620 2790 nunc
646 2725 791 2792 Tiresias
830 2729 1061 2801 memoraret?
1090 2741 1193 2808 Scili-

80 2907 83 2918 ,
155 2856 209 2910 oet
234 2844 299 2909 hoc
327 2845 400 2911 fieri
426 2857 508 2912 tunc
533 2861 664 2912 necesse
693 2843 827 2933 fuisset,
867 2847 988 2916 sinon
1010 2857 1105 2943 prius
1126 2860 1193 2928 Ti..

156 2965 258 3032 resias
282 2961 454 3054 Oedipum
471 2963 817 3032 Lsiitnterteororsm
838 2968 1046 3056 appellasset.
1089 2978 1192 3060 Quod

7 3241 8 3248 .
63 3235 68 3248 ·
160 3221 185 3284 r)
203 3219 301 3273 ldirnrn
326 3215 450 3289 qnantum
480 3221 508 3273 in
530 3221 667 3290 tragoediis
689 3227 776 3278 vatum
797 3223 899 3279 andacia
920 3241 946 3281 aa
973 3236 1083 3295 gravitas
1106 3239 1139 3291 ab
1162 3257 1194 3298 aa
1263 3293 1265 3296 .

78 3357 84 3374 Ι
156 3304 291 3360 timiditate
312 3305 455 3370 discrepat,
478 3321 553 3370 qnam
575 3307 768 3362 calebantiano
782 3309 909 3362 llornerna
933 3309 1028 3368 tribuit.
1047 3305 1097 3386 (st
1110 3321 1131 3374 1.
1150 3319 1193 3376 fit

157 3387 232 3454 aqq.)
255 3387 343 3441 Grave
371 3388 435 3440 mibi
455 3388 504 3439 hoc
529 3404 629 3456 quoque
652 3392 755 3445 ridetur
788 3391 821 3442 ad
851 3389 1001 3447 Homericae
1039 3418 1143 3464 pneaeoa
1166 3419 1193 3459 et

155 3467 268 3522 'aliarum
300 3472 422 3524 Graeciae
452 3471 567 3538 gantiam
597 3474 741 3526 fabularum
774 3474 941 3528 differentiam
973 3483 1195 3553 cognoscendam,

158 3554 244 3619 tiaqna
267 3571 314 3622 ago
338 3553 443 3618 dubito,
457 3554 529 3621 'quin
559 3555 620 3606 baec
649 3557 812 3632 asperitatum
830 3561 979 3624 auctoritas,
1002 3567 1196 3635 antiquissima,

157 3635 194 3685 ita
213 3637 294 3702 nagia
314 3639 451 3705 imminuta
467 3637 516 3702 ait,
533 3649 563 3690 nt
581 3641 701 3704 paulatim
721 3642 857 3706 religiones
871 3643 930 3692 illae
946 3655 1044 3696 exterae
1066 3651 1092 3700 iu
1109 3649 1195 3702 Graa-

125 3782 129 3785 ³
157 3717 196 3767 eia
217 3717 446 3774 conformabantur.
480 3721 608 3774 Gravitate
628 3740 689 3775 vero
713 3725 873 3774 simillimum
890 3724 964 3775 buiua
984 3725 1105 3794 Tiresias,
1122 3731 1194 3785 Tha·

156 3801 218 3853 bani
235 3800 314 3866 aetia,
330 3802 357 3852 in
377 3803 534 3858 ludaeorum
557 3810 659 3874 antiqua
672 3806 775 3861 historia
795 3807 944 3860 senonen
958 3809 1089 3864 balsamus.

156 3932 184 4000 a)
201 3951 229 3988 a.
245 3932 300 3988 loe.
317 3949 373 4000 sqq.
390 3935 448 3990 edo.
466 3951 524 4003 aqq.
