2894 4700
1103 343 1188 444 '299

153 499 288 566 ueteres
310 499 460 565 Naturae
488 495 584 581 deos,
621 515 722 584 quam
748 494 867 560 Jovem
901 495 1121 565 honoraverit
1146 511 1188 590 ι).

160 613 293 684 Scilicet
312 617 369 681 ille
400 627 481 680 tunc
515 613 666 682 Vulcani
703 611 798 702 quasi
830 613 976 702 supplex
1008 631 1098 704 erat,
1129 643 1191 688 nec

159 737 337 824 quisquam
363 736 473 801 nescit
487 746 631 821 vetares,
654 733 696 799 ad
723 753 869 822 quorum
895 733 1038 800 deorum
1065 737 1192 826 templa

161 869 199 919 et
221 854 337 920 altaria
371 851 611 940 confugissent,
636 873 773 933 eorum,
797 853 825 918 si
865 851 936 918 vim
978 865 1190 946 paterentur,
1296 909 1299 916 .

162 971 332 1037 auxilium
355 971 560 1060 implorasse,
603 971 725 1062 Neque
753 970 849 1036 huic¹
868 971 991 1038 rationi
1021 995 1069 1058 ea,
1106 997 1193 1070 quae

164 1087 300 1178 Ulysses
316 1091 358 1157 de
374 1114 508 1157 summo
526 1090 620 1158 lovis
635 1090 778 1177 imperio
794 1088 885 1169 dicit,
904 1107 1103 1177 repugnant.
1129 1093 1192 1161 Vi·
1237 1143 1239 1148 -

110 1183 113 1204 ³
164 1209 330 1276 dabantur
355 1191 445 1276 enim
473 1231 551 1278 vera
578 1231 646 1275 ease
662 1221 694 1275 et
715 1205 849 1292 Ulyseis
871 1207 970 1273 rebus
988 1223 1063 1296 apta
1083 1225 1191 1303 erant3

159 1324 357 1394 Philoctetes
377 1342 499 1413 autern,
523 1349 625 1415 quam
651 1325 709 1416 pie
741 1325 820 1390 deos
846 1326 953 1414 eolat,
979 1329 1034 1393 val
1057 1329 1093 1394 in
1117 1331 1192 1400 aliis

159 1443 251 1532 locis,
278 1447 333 1514 rel
359 1448 508 1513 maxime
542 1447 580 1510 in
613 1467 652 1510 eo
687 1443 826 1530 probat,
856 1445 936 1532 nbi,
970 1447 1118 1513 monitus
1148 1449 1190 1516 ab

159 1563 321 1649 Hercule,
347 1566 389 1631 sd
417 1585 535 1628 eorum
562 1561 651 1627 iussa
683 1560 835 1633 socienda
873 1587 908 1630 se
940 1565 1191 1654 paratissimum

162 1682 310 1748 exhibet.
356 1681 505 1747 Gravior
530 1682 581 1746 his
606 1681 666 1746 ille
685 1692 734 1747 est
760 1682 873 1768 locus,
904 1683 943 1748 in
969 1703 1037 1771 quo
1069 1683 1190 1751 Philo-

160 1812 280 1885 ctetes‚
303 1799 519 1886 Neoptolemi
552 1797 744 1866 fraude'ad
769 1823 916 1866 summas
950 1803 1100 1869 miserias
1132 1825 1192 1869 re-

160 1919 275 1985 ductus
297 1920 415 2008 iraque
442 1917 731 1986 vehementissima
759 1920 910 2006 agitatus,
931 1943 1060 2008 neque,
1081 1921 1111 1986 si
1129 1919 1197 1986 Ju-

159 2039 250 2127 piter
276 2039 312 2106 i'n
340 2061 374 2104 se
413 2035 557 2103 fulmina
583 2061 642 2102 sua
665 2037 838 2124 demittat,
859 2061 894 2104 se
920 2035 1023 2104 Ilium
1054 2038 1192 2127 profec-

158 2167 276 2222 turum
312 2178 382 2225 esse
407 2157 558 2224 clamat·
582 2158 645 2223 Sed
669 2157 771 2244 haec,
804 2157 894 2246 quod
924 2181 968 2224 ex
1000 2160 1095 2224 omni
1132 2157 1195 2225 itta

159 2275 234 2342 looc
262 2289 418 2365 apparet,
443 2297 551 2366 propo
573 2273 716 2342 furentis
746 2289 842 2363 sunt,
865 2299 904 2342 ac
934 2277 1045 2365 potius
1072 2277 1198 2343 volun·

161 2405 265 2458 tatem
291 2394 359 2458 viri
392 2394 543 2458 maxime
567 2393 804 2475 obfirmatam,
827 2416 928 2480 quam
945 2396 981 2460 in
1018 2395 1198 2468 deos‘ime'

161 2511 321 2600 pietatem
348 2508 557 2598 significant3
579 2510 622 2575 ab
644 2533 711 2596 quo
734 2511 895 2598 crimine,
919 2512 946 2578 sl
968 2513 1028 2600 qul
1057 2512 1197 2600 gravius

151 2651 284 2715 »urgere
304 2627 366 2696 ieta
394 2629 491 2714 velit,
513 2627 661 2693 facilest
682 2629 844 2696 similium
862 2631 1018 2697 locorum
1035 2632 1195 2718 exemplo

165 2759 199 2817 et
224 2745 319 2836 ipso,
340 2747 383 2814 de
408 2768 476 2838 quo
504 2747 572 2812 iam
604 2731 773 2834 diximus,
795 2747 929 2817 fabulae
949 2749 1046 2816 exitu
1073 2746 1196 2824 defece

170 2866 280 2932 datur.

267 2985 347 3051 Non
383 3007 562 3072 veremur,
594 3009 636 3054 ne
669 2989 742 3077 quis
770 2987 805 3053 in
838 2987 890 3072 iis,
918 3009 1004 3076 quae
1035 2987 1197 3053 hactenus

162 3105 420 3196 disputavimus,
439 3082 755 3172 immoderationem
779 3117 929 3172 nostram
955 3106 1011 3173 val
1031 3106 1198 3194 speciosa·

162 3247 241 3293 rum
277 3224 489 3313 quarundam
522 3223 723 3312 opinionum
754 3224 969 3312 cupiditatem
1007 3227 1198 3314 reprehen-

164 3345 241 3432 dat3
264 3344 393 3430 saltem,
417 3341 522 3408 sicubi
541 3344 776 3429 erraverimus,
799 3366 869 3410 non
888 3343 981 3410 ultro
1005 3367 1065 3411 uos
1085 3345 1198 3430 impe·-

165 3465 288 3536 (livisse
313 3461 564 3534 difficultatibus
593 3463 762 3547 dicemur,
784 3462 841 3527 sed
870 3463 955 3552 lapsi
986 3463 1021 3530 in
1045 3464 1084 3528 iis
1123 3461 1198 3527 eri-

166 3603 255 3671 mus,
287 3607 372 3672 quae
394 3605 437 3650 ex
463 3581 555 3647 omni
577 3581 732 3647 instituto
761 3592 876 3648 nostro
908 3605 978 3647 uon
1002 3593 1196 3668 poteramus

164 3701 322 3788 effugere.
365 3700 440 3772 Jeus
468 3724 550 3772 vero
581 3699 683 3771 aliem
717 3699 935 3789 aggredimur
967 3702 1199 3790 quaestionem

169 3959 193 4025 a)
213 3960 248 4014 cl.
267 3959 383 4010 Haraelb.
399 3977 426 4027 p.
453 3956 507 4011 tsi.
529 3975 567 4024 sq.
