<?xml version="1.0" encoding="UTF-8"?>
<!DOCTYPE html PUBLIC "-//W3C//DTD XHTML 1.0 Transitional//EN"
    "http://www.w3.org/TR/xhtml1/DTD/xhtml1-transitional.dtd">
<html xmlns="http://www.w3.org/1999/xhtml" xml:lang="en" lang="en">
 <head>
  <title>
</title>
<meta http-equiv="Content-Type" content="text/html;charset=utf-8" />
  <meta name='ocr-system' content='tesseract 3.04.00' />
  <meta name='ocr-capabilities' content='ocr_page ocr_carea ocr_par ocr_line ocrx_word'/>
</head>
<body>
  <div class='ocr_page' id='page_1' title='image "./sophocleaequaes00jacogoog_0240.png"; bbox 0 0 2894 4700; ppageno 0'>
   <div class='ocr_carea' id='block_1_1' title="bbox 1117 298 1195 414">
    <p class='ocr_par' dir='ltr' id='par_1_1' title="bbox 1117 298 1195 414">
     <span class='ocr_line' id='line_1_1' title="bbox 1117 298 1195 414; baseline -0.026 -30"><span class='ocrx_word' id='word_1_1' title='bbox 1117 298 1195 414; x_wconf 79' lang='lat'><strong>259</strong></span> 
     </span>
    </p>
   </div>
   <div class='ocr_carea' id='block_1_2' title="bbox 65 471 1270 4000">
    <p class='ocr_par' dir='ltr' id='par_1_2' title="bbox 65 471 1270 4000">
     <span class='ocr_line' id='line_1_2' title="bbox 147 471 1201 559; baseline 0.002 -16"><span class='ocrx_word' id='word_1_2' title='bbox 147 515 151 532; x_wconf 82' lang='lat'><strong>·</strong></span> <span class='ocrx_word' id='word_1_3' title='bbox 175 478 216 543; x_wconf 91' lang='lat' dir='ltr'><strong>ad</strong></span> <span class='ocrx_word' id='word_1_4' title='bbox 236 477 306 545; x_wconf 84' lang='lat' dir='ltr'><strong>eius</strong></span> <span class='ocrx_word' id='word_1_5' title='bbox 335 497 405 542; x_wconf 84' lang='lat' dir='ltr'><strong>sesa</strong></span> <span class='ocrx_word' id='word_1_6' title='bbox 419 473 642 540; x_wconf 63' lang='lat' dir='ltr'><strong>vconformare</strong></span> <span class='ocrx_word' id='word_1_7' title='bbox 660 481 781 536; x_wconf 89' lang='lat' dir='ltr'><strong>nutum</strong></span> <span class='ocrx_word' id='word_1_8' title='bbox 801 471 897 559; x_wconf 88' lang='lat' dir='ltr'><strong>dicit,</strong></span> <span class='ocrx_word' id='word_1_9' title='bbox 920 472 951 539; x_wconf 88' lang='lat' dir='ltr'><strong>ei</strong></span> <span class='ocrx_word' id='word_1_10' title='bbox 968 471 1058 540; x_wconf 85' lang='lat' dir='ltr'><strong>enirn</strong></span> <span class='ocrx_word' id='word_1_11' title='bbox 1085 499 1119 542; x_wconf 89' lang='lat' dir='ltr'><strong>se</strong></span> <span class='ocrx_word' id='word_1_12' title='bbox 1138 479 1201 545; x_wconf 87' lang='lat' dir='ltr'><strong>da-</strong></span> 
     </span>
     <span class='ocr_line' id='line_1_3' title="bbox 154 591 1270 682; baseline 0.001 -19"><span class='ocrx_word' id='word_1_13' title='bbox 154 592 210 664; x_wconf 61' lang='lat' dir='ltr'><strong>&#39;r‘e</strong></span> <span class='ocrx_word' id='word_1_14' title='bbox 238 596 371 679; x_wconf 88' lang='lat' dir='ltr'><strong>omnia,</strong></span> <span class='ocrx_word' id='word_1_15' title='bbox 395 615 502 680; x_wconf 90' lang='lat' dir='ltr'><strong>neque</strong></span> <span class='ocrx_word' id='word_1_16' title='bbox 519 591 705 660; x_wconf 87' lang='lat' dir='ltr'><strong>timendum</strong></span> <span class='ocrx_word' id='word_1_17' title='bbox 723 613 810 676; x_wconf 89' lang='lat' dir='ltr'><strong>esse,</strong></span> <span class='ocrx_word' id='word_1_18' title='bbox 833 613 875 656; x_wconf 89' lang='lat' dir='ltr'><strong>ne</strong></span> <span class='ocrx_word' id='word_1_19' title='bbox 892 591 934 656; x_wconf 92' lang='lat' dir='ltr'><strong>ab</strong></span> <span class='ocrx_word' id='word_1_20' title='bbox 953 605 1068 676; x_wconf 88' lang='lat' dir='ltr'><strong>matre,</strong></span> <span class='ocrx_word' id='word_1_21' title='bbox 1092 619 1200 682; x_wconf 84' lang='lat' dir='ltr'><strong>quan·</strong></span> <span class='ocrx_word' id='word_1_22' title='bbox 1268 640 1270 642; x_wconf 95' lang='lat'>-</span> 
     </span>
     <span class='ocr_line' id='line_1_4' title="bbox 171 707 1202 800; baseline 0.004 -20"><span class='ocrx_word' id='word_1_23' title='bbox 171 726 246 780; x_wconf 90' lang='lat' dir='ltr'><strong>tum</strong></span> <span class='ocrx_word' id='word_1_24' title='bbox 269 713 333 778; x_wconf 88' lang='lat' dir='ltr'><strong>sibi</strong></span> <span class='ocrx_word' id='word_1_25' title='bbox 352 713 466 778; x_wconf 86' lang='lat' dir='ltr'><strong>salutis</strong></span> <span class='ocrx_word' id='word_1_26' title='bbox 493 707 688 797; x_wconf 84' lang='lat' dir='ltr'><strong>contigerit,</strong></span> <span class='ocrx_word' id='word_1_27' title='bbox 712 721 952 797; x_wconf 73' lang='lat' dir='ltr'>cognoscatur,</span> <span class='ocrx_word' id='word_1_28' title='bbox 975 733 1055 798; x_wconf 88' lang='lat' dir='ltr'><strong>prae</strong></span> <span class='ocrx_word' id='word_1_29' title='bbox 1078 718 1202 800; x_wconf 86' lang='lat' dir='ltr'><strong>gaudio</strong></span> 
     </span>
     <span class='ocr_line' id='line_1_5' title="bbox 174 829 1202 921; baseline -0.008 -23"><span class='ocrx_word' id='word_1_30' title='bbox 174 834 267 898; x_wconf 88' lang='lat' dir='ltr'><strong>enim</strong></span> <span class='ocrx_word' id='word_1_31' title='bbox 286 854 320 896; x_wconf 93' lang='lat' dir='ltr'><strong>se</strong></span> <span class='ocrx_word' id='word_1_32' title='bbox 337 854 406 897; x_wconf 90' lang='lat' dir='ltr'><strong>non</strong></span> <span class='ocrx_word' id='word_1_33' title='bbox 425 831 603 896; x_wconf 89' lang='lat' dir='ltr'><strong>desituram</strong></span> <span class='ocrx_word' id='word_1_34' title='bbox 621 851 689 896; x_wconf 85' lang='lat' dir='ltr'><strong>esse</strong></span> <span class='ocrx_word' id='word_1_35' title='bbox 711 829 907 916; x_wconf 75' lang='lat' dir='ltr'><strong>lacrymare.</strong></span> <span class='ocrx_word' id='word_1_36' title='bbox 933 831 1002 894; x_wconf 86' lang='lat' dir='ltr'><strong>Nec</strong></span> <span class='ocrx_word' id='word_1_37' title='bbox 1016 855 1098 898; x_wconf 90' lang='lat' dir='ltr'><strong>vero</strong></span> <span class='ocrx_word' id='word_1_38' title='bbox 1113 859 1202 921; x_wconf 72' lang='lat' dir='ltr'><strong>poe.</strong></span> 
     </span>
     <span class='ocr_line' id='line_1_6' title="bbox 173 947 1199 1036; baseline 0.006 -20"><span class='ocrx_word' id='word_1_39' title='bbox 173 961 205 1016; x_wconf 92' lang='lat' dir='ltr'><strong>ta</strong></span> <span class='ocrx_word' id='word_1_40' title='bbox 229 950 381 1016; x_wconf 77' lang='lat' dir='ltr'>Electrae</span> <span class='ocrx_word' id='word_1_41' title='bbox 405 972 482 1036; x_wconf 81' lang='lat' dir='ltr'><strong>erga</strong></span> <span class='ocrx_word' id='word_1_42' title='bbox 499 947 641 1016; x_wconf 86' lang='lat' dir='ltr'><strong>fratrem</strong></span> <span class='ocrx_word' id='word_1_43' title='bbox 663 969 814 1014; x_wconf 88' lang='lat' dir='ltr'><strong>amorem</strong></span> <span class='ocrx_word' id='word_1_44' title='bbox 838 949 1018 1014; x_wconf 80' lang='lat' dir='ltr'><strong>ostendisse</strong></span> <span class='ocrx_word' id='word_1_45' title='bbox 1050 953 1126 1020; x_wconf 86' lang='lat' dir='ltr'><strong>satis</strong></span> <span class='ocrx_word' id='word_1_46' title='bbox 1141 956 1199 1022; x_wconf 87' lang='lat' dir='ltr'><strong>ha·</strong></span> 
     </span>
     <span class='ocr_line' id='line_1_7' title="bbox 168 1065 1198 1155; baseline 0.001 -20"><span class='ocrx_word' id='word_1_47' title='bbox 168 1069 260 1135; x_wconf 86' lang='lat' dir='ltr'><strong>buit:</strong></span> <span class='ocrx_word' id='word_1_48' title='bbox 282 1069 380 1134; x_wconf 88' lang='lat' dir='ltr'><strong>etiam</strong></span> <span class='ocrx_word' id='word_1_49' title='bbox 404 1068 438 1133; x_wconf 89' lang='lat' dir='ltr'><strong>in</strong></span> <span class='ocrx_word' id='word_1_50' title='bbox 461 1067 703 1155; x_wconf 85' lang='lat' dir='ltr'><strong>paedagogum,</strong></span> <span class='ocrx_word' id='word_1_51' title='bbox 725 1089 840 1134; x_wconf 88' lang='lat' dir='ltr'><strong>senem</strong></span> <span class='ocrx_word' id='word_1_52' title='bbox 863 1067 960 1133; x_wconf 88' lang='lat' dir='ltr'><strong>illum</strong></span> <span class='ocrx_word' id='word_1_53' title='bbox 985 1065 1105 1155; x_wconf 85' lang='lat' dir='ltr'><strong>fidum,</strong></span> <span class='ocrx_word' id='word_1_54' title='bbox 1128 1083 1198 1142; x_wconf 84' lang='lat' dir='ltr'><strong>tarn</strong></span> 
     </span>
     <span class='ocr_line' id='line_1_8' title="bbox 168 1185 1200 1274; baseline 0.005 -22"><span class='ocrx_word' id='word_1_55' title='bbox 168 1198 300 1273; x_wconf 86' lang='lat' dir='ltr'><strong>gratum</strong></span> <span class='ocrx_word' id='word_1_56' title='bbox 318 1187 391 1253; x_wconf 87' lang='lat' dir='ltr'><strong>cius</strong></span> <span class='ocrx_word' id='word_1_57' title='bbox 406 1188 557 1253; x_wconf 86' lang='lat' dir='ltr'><strong>animum</strong></span> <span class='ocrx_word' id='word_1_58' title='bbox 574 1185 663 1274; x_wconf 81' lang='lat' dir='ltr'><strong>fecit,</strong></span> <span class='ocrx_word' id='word_1_59' title='bbox 687 1198 726 1250; x_wconf 90' lang='lat' dir='ltr'><strong>ut</strong></span> <span class='ocrx_word' id='word_1_60' title='bbox 743 1185 965 1251; x_wconf 75' lang='lat' dir='ltr'><strong>blandissimis</strong></span> <span class='ocrx_word' id='word_1_61' title='bbox 983 1208 1061 1252; x_wconf 90' lang='lat' dir='ltr'><strong>eum</strong></span> <span class='ocrx_word' id='word_1_62' title='bbox 1088 1193 1200 1258; x_wconf 88' lang='lat' dir='ltr'><strong>verbis</strong></span> 
     </span>
     <span class='ocr_line' id='line_1_9' title="bbox 168 1304 1198 1392; baseline 0.009 -24"><span class='ocrx_word' id='word_1_63' title='bbox 168 1306 331 1392; x_wconf 82' lang='lat' dir='ltr'><strong>excipiat,</strong></span> <span class='ocrx_word' id='word_1_64' title='bbox 354 1317 392 1371; x_wconf 90' lang='lat' dir='ltr'><strong>ut</strong></span> <span class='ocrx_word' id='word_1_65' title='bbox 419 1327 538 1371; x_wconf 87' lang='lat' dir='ltr'><strong>manus</strong></span> <span class='ocrx_word' id='word_1_66' title='bbox 575 1304 645 1370; x_wconf 88' lang='lat' dir='ltr'><strong>eius</strong></span> <span class='ocrx_word' id='word_1_67' title='bbox 662 1329 666 1336; x_wconf 55' lang='lat'><strong>⁴</strong></span> <span class='ocrx_word' id='word_1_68' title='bbox 682 1305 870 1388; x_wconf 87' lang='lat' dir='ltr'><strong>osculetur,</strong></span> <span class='ocrx_word' id='word_1_69' title='bbox 901 1315 938 1369; x_wconf 90' lang='lat' dir='ltr'><strong>ut</strong></span> <span class='ocrx_word' id='word_1_70' title='bbox 964 1316 1096 1391; x_wconf 89' lang='lat' dir='ltr'><strong>patrem</strong></span> <span class='ocrx_word' id='word_1_71' title='bbox 1119 1331 1198 1378; x_wconf 86' lang='lat' dir='ltr'><strong>eum</strong></span> 
     </span>
     <span class='ocr_line' id='line_1_10' title="bbox 170 1421 1200 1512; baseline 0.007 -24"><span class='ocrx_word' id='word_1_72' title='bbox 170 1425 323 1510; x_wconf 87' lang='lat' dir='ltr'><strong>appellet.</strong></span> <span class='ocrx_word' id='word_1_73' title='bbox 369 1426 437 1493; x_wconf 89' lang='lat' dir='ltr'><strong>Sed</strong></span> <span class='ocrx_word' id='word_1_74' title='bbox 458 1434 561 1510; x_wconf 85' lang='lat' dir='ltr'><strong>urget</strong></span> <span class='ocrx_word' id='word_1_75' title='bbox 580 1444 664 1512; x_wconf 91' lang='lat' dir='ltr'><strong>opus</strong></span> <span class='ocrx_word' id='word_1_76' title='bbox 690 1433 791 1509; x_wconf 84' lang='lat' dir='ltr'><strong>atque</strong></span> <span class='ocrx_word' id='word_1_77' title='bbox 812 1421 948 1490; x_wconf 84' lang='lat' dir='ltr'><strong>iuvenes</strong></span> <span class='ocrx_word' id='word_1_78' title='bbox 974 1421 1113 1492; x_wconf 90' lang='lat' dir='ltr'><strong>domum</strong></span> <span class='ocrx_word' id='word_1_79' title='bbox 1140 1429 1200 1502; x_wconf 61' lang='lat' dir='ltr'><strong>in«¹</strong></span> 
     </span>
     <span class='ocr_line' id='line_1_11' title="bbox 169 1552 315 1608; baseline 0.014 -2"><span class='ocrx_word' id='word_1_80' title='bbox 169 1552 315 1608; x_wconf 87' lang='lat' dir='ltr'><strong>troeunt.</strong></span> 
     </span>
     <span class='ocr_line' id='line_1_12' title="bbox 271 1659 1200 1751; baseline 0.01 -27"><span class='ocrx_word' id='word_1_81' title='bbox 271 1659 348 1726; x_wconf 86' lang='lat' dir='ltr'><strong>Jam</strong></span> <span class='ocrx_word' id='word_1_82' title='bbox 387 1681 470 1726; x_wconf 89' lang='lat' dir='ltr'><strong>vero</strong></span> <span class='ocrx_word' id='word_1_83' title='bbox 503 1659 544 1726; x_wconf 92' lang='lat' dir='ltr'><strong>ad</strong></span> <span class='ocrx_word' id='word_1_84' title='bbox 573 1681 652 1726; x_wconf 88' lang='lat' dir='ltr'><strong>eum</strong></span> <span class='ocrx_word' id='word_1_85' title='bbox 684 1662 901 1748; x_wconf 82' lang='lat' dir='ltr'><strong>pervenimus</strong></span> <span class='ocrx_word' id='word_1_86' title='bbox 932 1660 1066 1748; x_wconf 87' lang='lat' dir='ltr'><strong>locum,</strong></span> <span class='ocrx_word' id='word_1_87' title='bbox 1097 1686 1200 1751; x_wconf 86' lang='lat' dir='ltr'><strong>quem</strong></span> 
     </span>
     <span class='ocr_line' id='line_1_13' title="bbox 169 1769 1196 1869; baseline 0.009 -28"><span class='ocrx_word' id='word_1_88' title='bbox 169 1773 268 1843; x_wconf 80' lang='lat' dir='ltr'><strong>facile</strong></span> <span class='ocrx_word' id='word_1_89' title='bbox 290 1778 327 1843; x_wconf 88' lang='lat' dir='ltr'><strong>in</strong></span> <span class='ocrx_word' id='word_1_90' title='bbox 344 1769 412 1844; x_wconf 87' lang='lat' dir='ltr'><strong>tota</strong></span> <span class='ocrx_word' id='word_1_91' title='bbox 439 1780 607 1865; x_wconf 77' lang='lat' dir='ltr'><strong>tragoedia</strong></span> <span class='ocrx_word' id='word_1_92' title='bbox 632 1801 752 1869; x_wconf 86' lang='lat' dir='ltr'><strong>graeca</strong></span> <span class='ocrx_word' id='word_1_93' title='bbox 781 1779 908 1845; x_wconf 79' lang='lat' dir='ltr'><strong>dixeris</strong></span> <span class='ocrx_word' id='word_1_94' title='bbox 935 1778 1196 1850; x_wconf 87' lang='lat' dir='ltr'><strong>acerbissimum.</strong></span> 
     </span>
     <span class='ocr_line' id='line_1_14' title="bbox 76 1878 1253 1988; baseline 0.009 -30"><span class='ocrx_word' id='word_1_95' title='bbox 76 1901 78 1905; x_wconf 81' lang='grc'>’</span> <span class='ocrx_word' id='word_1_96' title='bbox 169 1895 300 1961; x_wconf 82' lang='lat' dir='ltr'><strong>Electra</strong></span> <span class='ocrx_word' id='word_1_97' title='bbox 318 1897 418 1984; x_wconf 84' lang='lat' dir='ltr'><strong>enim,</strong></span> <span class='ocrx_word' id='word_1_98' title='bbox 442 1919 521 1962; x_wconf 91' lang='lat' dir='ltr'><strong>cum</strong></span> <span class='ocrx_word' id='word_1_99' title='bbox 539 1899 629 1965; x_wconf 91' lang='lat' dir='ltr'><strong>intus</strong></span> <span class='ocrx_word' id='word_1_100' title='bbox 659 1898 898 1964; x_wconf 78' lang='lat' dir='ltr'><strong>lamentantem</strong></span> <span class='ocrx_word' id='word_1_101' title='bbox 915 1908 1054 1964; x_wconf 89' lang='lat' dir='ltr'><strong>matrem</strong></span> <span class='ocrx_word' id='word_1_102' title='bbox 1071 1899 1200 1988; x_wconf 87' lang='lat' dir='ltr'><strong>filiique</strong></span> <span class='ocrx_word' id='word_1_103' title='bbox 1251 1878 1253 1884; x_wconf 27' lang='grc' dir='ltr'>Ι</span> 
     </span>
     <span class='ocr_line' id='line_1_15' title="bbox 166 2014 1198 2103; baseline 0.008 -24"><span class='ocrx_word' id='word_1_104' title='bbox 166 2014 406 2101; x_wconf 89' lang='lat' dir='ltr'><strong>implorantem</strong></span> <span class='ocrx_word' id='word_1_105' title='bbox 435 2017 703 2084; x_wconf 88' lang='lat' dir='ltr'><strong>misericordiam</strong></span> <span class='ocrx_word' id='word_1_106' title='bbox 734 2015 846 2096; x_wconf 85' lang='lat' dir='ltr'><strong>audit,</strong></span> <span class='ocrx_word' id='word_1_107' title='bbox 878 2025 915 2080; x_wconf 85' lang='lat' dir='ltr'><strong>ot</strong></span> <span class='ocrx_word' id='word_1_108' title='bbox 936 2037 1041 2103; x_wconf 79' lang='lat' dir='ltr'><strong>neque</strong></span> <span class='ocrx_word' id='word_1_109' title='bbox 1067 2031 1101 2084; x_wconf 85' lang='lat' dir='ltr'><strong>te</strong></span> <span class='ocrx_word' id='word_1_110' title='bbox 1125 2020 1198 2087; x_wconf 83' lang='lat' dir='ltr'><strong>eiua</strong></span> 
     </span>
     <span class='ocr_line' id='line_1_16' title="bbox 164 2135 1202 2226; baseline 0.006 -27"><span class='ocrx_word' id='word_1_111' title='bbox 164 2137 338 2224; x_wconf 76' lang='lat' dir='ltr'><strong>patrisque</strong></span> <span class='ocrx_word' id='word_1_112' title='bbox 368 2139 474 2201; x_wconf 83' lang='lat' dir='ltr'><strong>nostri</strong></span> <span class='ocrx_word' id='word_1_113' title='bbox 502 2137 674 2223; x_wconf 68' lang='lat' dir='ltr'><strong>misereat,</strong></span> <span class='ocrx_word' id='word_1_114' title='bbox 698 2135 883 2226; x_wconf 82' lang='lat' dir='ltr'><strong>exclamat,</strong></span> <span class='ocrx_word' id='word_1_115' title='bbox 905 2146 1095 2224; x_wconf 87' lang='lat' dir='ltr'><strong>posteaque,</strong></span> <span class='ocrx_word' id='word_1_116' title='bbox 1124 2161 1202 2214; x_wconf 83' lang='lat' dir='ltr'><strong>ura·-¹</strong></span> 
     </span>
     <span class='ocr_line' id='line_1_17' title="bbox 166 2253 1230 2356; baseline 0.006 -38"><span class='ocrx_word' id='word_1_117' title='bbox 166 2263 277 2319; x_wconf 85' lang='lat' dir='ltr'><strong>treas</strong></span> <span class='ocrx_word' id='word_1_118' title='bbox 307 2254 407 2320; x_wconf 87' lang='lat' dir='ltr'><strong>ictam</strong></span> <span class='ocrx_word' id='word_1_119' title='bbox 432 2276 500 2320; x_wconf 90' lang='lat' dir='ltr'><strong>esse</strong></span> <span class='ocrx_word' id='word_1_120' title='bbox 529 2259 716 2340; x_wconf 88' lang='lat' dir='ltr'><strong>clamante,</strong></span> <span class='ocrx_word' id='word_1_121' title='bbox 737 2253 814 2320; x_wconf 92' lang='lat' dir='ltr'><strong>illa:</strong></span> <span class='ocrx_word' id='word_1_122' title='bbox 837 2255 918 2340; x_wconf 78' lang='lat' dir='ltr'><strong>quin</strong></span> <span class='ocrx_word' id='word_1_123' title='bbox 953 2253 1141 2342; x_wconf 83' lang='lat' dir='ltr'><strong>duplicem,</strong></span> <span class='ocrx_word' id='word_1_124' title='bbox 1168 2259 1200 2324; x_wconf 82' lang='lat' dir='ltr'><strong>si</strong></span> <span class='ocrx_word' id='word_1_125' title='bbox 1225 2342 1230 2356; x_wconf 37' lang='grc' dir='ltr'><strong><em>Ι</em></strong></span> 
     </span>
     <span class='ocr_line' id='line_1_18' title="bbox 166 2371 1200 2462; baseline 0.005 -28"><span class='ocrx_word' id='word_1_126' title='bbox 166 2383 268 2460; x_wconf 84' lang='lat' dir='ltr'><strong>potes,</strong></span> <span class='ocrx_word' id='word_1_127' title='bbox 293 2373 416 2460; x_wconf 82' lang='lat' dir='ltr'><strong>inflige</strong></span> <span class='ocrx_word' id='word_1_128' title='bbox 438 2373 581 2458; x_wconf 77' lang='lat' dir='ltr'><strong>plagam</strong></span> <span class='ocrx_word' id='word_1_129' title='bbox 614 2374 703 2439; x_wconf 88' lang='lat' dir='ltr'><strong>dicit.</strong></span> <span class='ocrx_word' id='word_1_130' title='bbox 744 2373 894 2436; x_wconf 87' lang='lat' dir='ltr'><strong>Duriora</strong></span> <span class='ocrx_word' id='word_1_131' title='bbox 927 2371 1009 2435; x_wconf 89' lang='lat' dir='ltr'><strong>haec</strong></span> <span class='ocrx_word' id='word_1_132' title='bbox 1029 2373 1200 2462; x_wconf 87' lang='lat' dir='ltr'><strong>videntur,</strong></span> 
     </span>
     <span class='ocr_line' id='line_1_19' title="bbox 122 2487 1198 2582; baseline 0.004 -28"><span class='ocrx_word' id='word_1_133' title='bbox 122 2531 125 2541; x_wconf 92' lang='lat'>·</span> <span class='ocrx_word' id='word_1_134' title='bbox 167 2487 366 2576; x_wconf 80' lang='lat' dir='ltr'><strong>semperque</strong></span> <span class='ocrx_word' id='word_1_135' title='bbox 384 2499 493 2573; x_wconf 88' lang='lat' dir='ltr'><strong>erunt,</strong></span> <span class='ocrx_word' id='word_1_136' title='bbox 516 2490 574 2576; x_wconf 91' lang='lat' dir='ltr'><strong>qui</strong></span> <span class='ocrx_word' id='word_1_137' title='bbox 591 2491 626 2554; x_wconf 90' lang='lat' dir='ltr'><strong>in</strong></span> <span class='ocrx_word' id='word_1_138' title='bbox 643 2491 683 2555; x_wconf 90' lang='lat' dir='ltr'><strong>iis</strong></span> <span class='ocrx_word' id='word_1_139' title='bbox 706 2488 909 2576; x_wconf 83' lang='lat' dir='ltr'><strong>Sophoclem</strong></span> <span class='ocrx_word' id='word_1_140' title='bbox 932 2499 1069 2556; x_wconf 86' lang='lat' dir='ltr'><strong>tenuem</strong></span> <span class='ocrx_word' id='word_1_141' title='bbox 1091 2491 1198 2582; x_wconf 86' lang='lat' dir='ltr'><strong>illam,</strong></span> 
     </span>
     <span class='ocr_line' id='line_1_20' title="bbox 139 2605 1198 2694; baseline 0.008 -25"><span class='ocrx_word' id='word_1_142' title='bbox 139 2680 142 2686; x_wconf 26' lang='lat'>¹</span> <span class='ocrx_word' id='word_1_143' title='bbox 171 2627 255 2694; x_wconf 83' lang='lat' dir='ltr'><strong>quae</strong></span> <span class='ocrx_word' id='word_1_144' title='bbox 274 2605 364 2670; x_wconf 89' lang='lat' dir='ltr'><strong>huno</strong></span> <span class='ocrx_word' id='word_1_145' title='bbox 390 2607 504 2672; x_wconf 89' lang='lat' dir='ltr'><strong>locum</strong></span> <span class='ocrx_word' id='word_1_146' title='bbox 525 2606 567 2672; x_wconf 92' lang='lat' dir='ltr'><strong>ab</strong></span> <span class='ocrx_word' id='word_1_147' title='bbox 586 2605 690 2672; x_wconf 87' lang='lat' dir='ltr'><strong>atroci</strong></span> <span class='ocrx_word' id='word_1_148' title='bbox 708 2607 879 2674; x_wconf 87' lang='lat' dir='ltr'><strong>imanitate</strong></span> <span class='ocrx_word' id='word_1_149' title='bbox 893 2608 1051 2694; x_wconf 80' lang='lat' dir='ltr'><strong>seiunxit,</strong></span> <span class='ocrx_word' id='word_1_150' title='bbox 1073 2609 1198 2678; x_wconf 88' lang='lat' dir='ltr'><strong>lineam</strong></span> 
     </span>
     <span class='ocr_line' id='line_1_21' title="bbox 65 2698 1199 2812; baseline 0.008 -23"><span class='ocrx_word' id='word_1_151' title='bbox 65 2717 68 2726; x_wconf 72' lang='grc'><strong>’</strong></span> <span class='ocrx_word' id='word_1_152' title='bbox 167 2698 420 2812; x_wconf 84' lang='lat' dir='ltr'><strong>supergressum</strong></span> <span class='ocrx_word' id='word_1_153' title='bbox 453 2738 522 2792; x_wconf 82' lang='lat' dir='ltr'><strong>esse</strong></span> <span class='ocrx_word' id='word_1_154' title='bbox 547 2725 703 2791; x_wconf 87' lang='lat' dir='ltr'><strong>iudicent.</strong></span> <span class='ocrx_word' id='word_1_155' title='bbox 747 2727 811 2792; x_wconf 87' lang='lat' dir='ltr'><strong>Sed</strong></span> <span class='ocrx_word' id='word_1_156' title='bbox 836 2727 960 2792; x_wconf 91' lang='lat' dir='ltr'><strong>habent</strong></span> <span class='ocrx_word' id='word_1_157' title='bbox 989 2737 1101 2793; x_wconf 87' lang='lat' dir='ltr'><strong>tamen</strong></span> <span class='ocrx_word' id='word_1_158' title='bbox 1140 2729 1199 2798; x_wconf 85' lang='lat' dir='ltr'><strong>illa</strong></span> 
     </span>
     <span class='ocr_line' id='line_1_22' title="bbox 168 2842 1199 2936; baseline 0.004 -25"><span class='ocrx_word' id='word_1_159' title='bbox 168 2857 202 2911; x_wconf 91' lang='lat' dir='ltr'><strong>et</strong></span> <span class='ocrx_word' id='word_1_160' title='bbox 224 2845 261 2910; x_wconf 89' lang='lat' dir='ltr'><strong>in</strong></span> <span class='ocrx_word' id='word_1_161' title='bbox 280 2842 415 2908; x_wconf 85' lang='lat' dir='ltr'><strong>fabulae</strong></span> <span class='ocrx_word' id='word_1_162' title='bbox 438 2843 532 2910; x_wconf 88' lang='lat' dir='ltr'><strong>omni</strong></span> <span class='ocrx_word' id='word_1_163' title='bbox 550 2843 758 2910; x_wconf 87' lang='lat' dir='ltr'><strong>institutlone</strong></span> <span class='ocrx_word' id='word_1_164' title='bbox 785 2859 816 2910; x_wconf 89' lang='lat' dir='ltr'><strong>et</strong></span> <span class='ocrx_word' id='word_1_165' title='bbox 831 2845 868 2910; x_wconf 90' lang='lat' dir='ltr'><strong>in</strong></span> <span class='ocrx_word' id='word_1_166' title='bbox 885 2845 1035 2910; x_wconf 87' lang='lat' dir='ltr'><strong>Electrae</strong></span> <span class='ocrx_word' id='word_1_167' title='bbox 1054 2865 1199 2936; x_wconf 56' lang='lat' dir='ltr'><strong>summm·</strong></span> 
     </span>
     <span class='ocr_line' id='line_1_23' title="bbox 166 2962 1250 3052; baseline 0.006 -24"><span class='ocrx_word' id='word_1_168' title='bbox 166 2985 232 3052; x_wconf 91' lang='lat' dir='ltr'><strong>qua</strong></span> <span class='ocrx_word' id='word_1_169' title='bbox 257 2977 338 3030; x_wconf 87' lang='lat' dir='ltr'><strong>tunc</strong></span> <span class='ocrx_word' id='word_1_170' title='bbox 361 2974 529 3030; x_wconf 82' lang='lat' dir='ltr'><strong>commota</strong></span> <span class='ocrx_word' id='word_1_171' title='bbox 557 2975 647 3051; x_wconf 86' lang='lat' dir='ltr'><strong>erat,</strong></span> <span class='ocrx_word' id='word_1_172' title='bbox 680 2965 932 3052; x_wconf 86' lang='lat' dir='ltr'><strong>perturbatione</strong></span> <span class='ocrx_word' id='word_1_173' title='bbox 964 2962 1196 3035; x_wconf 84' lang='lat' dir='ltr'><strong>defensionem</strong></span> <span class='ocrx_word' id='word_1_174' title='bbox 1247 2971 1250 2976; x_wconf 73' lang='grc'>’</span> 
     </span>
     <span class='ocr_line' id='line_1_24' title="bbox 95 3082 1264 3172; baseline 0.002 -18"><span class='ocrx_word' id='word_1_175' title='bbox 95 3145 99 3154; x_wconf 89' lang='grc'><em>,</em></span> <span class='ocrx_word' id='word_1_176' title='bbox 167 3084 314 3172; x_wconf 86' lang='lat' dir='ltr'><strong>aliquam</strong></span> <span class='ocrx_word' id='word_1_177' title='bbox 340 3082 432 3147; x_wconf 89' lang='lat' dir='ltr'><strong>haud</strong></span> <span class='ocrx_word' id='word_1_178' title='bbox 450 3083 738 3149; x_wconf 87' lang='lat' dir='ltr'><strong>contemnendam.</strong></span> <span class='ocrx_word' id='word_1_179' title='bbox 762 3083 909 3168; x_wconf 85' lang='lat' dir='ltr'><strong>Etenim,</strong></span> <span class='ocrx_word' id='word_1_180' title='bbox 935 3103 1036 3171; x_wconf 84' lang='lat' dir='ltr'><strong>quam</strong></span> <span class='ocrx_word' id='word_1_181' title='bbox 1052 3088 1200 3172; x_wconf 83' lang='lat' dir='ltr'><strong>graviter</strong></span> <span class='ocrx_word' id='word_1_182' title='bbox 1263 3128 1264 3134; x_wconf 21' lang='grc' dir='ltr'><strong>κ</strong></span> 
     </span>
     <span class='ocr_line' id='line_1_25' title="bbox 166 3202 1197 3290; baseline 0.004 -22"><span class='ocrx_word' id='word_1_183' title='bbox 166 3202 223 3268; x_wconf 88' lang='lat' dir='ltr'><strong>illa</strong></span> <span class='ocrx_word' id='word_1_184' title='bbox 248 3203 368 3289; x_wconf 87' lang='lat' dir='ltr'><strong>agitata</strong></span> <span class='ocrx_word' id='word_1_185' title='bbox 395 3214 496 3288; x_wconf 86' lang='lat' dir='ltr'><strong>esset,</strong></span> <span class='ocrx_word' id='word_1_186' title='bbox 519 3225 590 3268; x_wconf 89' lang='lat' dir='ltr'><strong>non</strong></span> <span class='ocrx_word' id='word_1_187' title='bbox 619 3214 686 3288; x_wconf 86' lang='lat' dir='ltr'><strong>eat,</strong></span> <span class='ocrx_word' id='word_1_188' title='bbox 709 3203 800 3290; x_wconf 90' lang='lat' dir='ltr'><strong>quod</strong></span> <span class='ocrx_word' id='word_1_189' title='bbox 829 3204 1115 3273; x_wconf 86' lang='lat' dir='ltr'><strong>demonstremus:</strong></span> <span class='ocrx_word' id='word_1_190' title='bbox 1140 3205 1197 3272; x_wconf 85' lang='lat' dir='ltr'><strong>vi-</strong></span> 
     </span>
     <span class='ocr_line' id='line_1_26' title="bbox 165 3320 1197 3408; baseline 0.003 -21"><span class='ocrx_word' id='word_1_191' title='bbox 165 3323 288 3388; x_wconf 89' lang='lat' dir='ltr'><strong>derunt</strong></span> <span class='ocrx_word' id='word_1_192' title='bbox 312 3320 347 3386; x_wconf 92' lang='lat' dir='ltr'><strong>id</strong></span> <span class='ocrx_word' id='word_1_193' title='bbox 372 3343 498 3407; x_wconf 84' lang='lat' dir='ltr'><strong>omnes,</strong></span> <span class='ocrx_word' id='word_1_194' title='bbox 525 3341 569 3385; x_wconf 83' lang='lat' dir='ltr'><strong>ex</strong></span> <span class='ocrx_word' id='word_1_195' title='bbox 584 3321 723 3408; x_wconf 90' lang='lat' dir='ltr'><strong>ipsaque</strong></span> <span class='ocrx_word' id='word_1_196' title='bbox 748 3321 950 3386; x_wconf 81' lang='lat' dir='ltr'><strong>audiverunt</strong></span> <span class='ocrx_word' id='word_1_197' title='bbox 972 3327 1024 3408; x_wconf 82' lang='lat'><strong>1);</strong></span> <span class='ocrx_word' id='word_1_198' title='bbox 1049 3325 1100 3387; x_wconf 86' lang='lat' dir='ltr'><strong>vel</strong></span> <span class='ocrx_word' id='word_1_199' title='bbox 1123 3349 1197 3389; x_wconf 82' lang='lat' dir='ltr'><strong>ms·</strong></span> 
     </span>
     <span class='ocr_line' id='line_1_27' title="bbox 99 3420 1200 3530; baseline 0.003 -25"><span class='ocrx_word' id='word_1_200' title='bbox 99 3420 101 3432; x_wconf 45' lang='lat'><strong>¹</strong></span> <span class='ocrx_word' id='word_1_201' title='bbox 166 3441 259 3507; x_wconf 86' lang='lat' dir='ltr'><strong>xime</strong></span> <span class='ocrx_word' id='word_1_202' title='bbox 267 3453 380 3508; x_wconf 86' lang='lat' dir='ltr'><strong>autern</strong></span> <span class='ocrx_word' id='word_1_203' title='bbox 388 3451 576 3504; x_wconf 87' lang='lat' dir='ltr'><strong>commotae</strong></span> <span class='ocrx_word' id='word_1_204' title='bbox 596 3440 722 3504; x_wconf 87' lang='lat' dir='ltr'><strong>eiusad</strong></span> <span class='ocrx_word' id='word_1_205' title='bbox 737 3437 908 3528; x_wconf 81' lang='lat' dir='ltr'><strong>Apollinis</strong></span> <span class='ocrx_word' id='word_1_206' title='bbox 925 3458 1017 3505; x_wconf 89' lang='lat' dir='ltr'><strong>aram</strong></span> <span class='ocrx_word' id='word_1_207' title='bbox 1032 3441 1109 3508; x_wconf 88' lang='lat' dir='ltr'><strong>illae</strong></span> <span class='ocrx_word' id='word_1_208' title='bbox 1124 3465 1200 3530; x_wconf 86' lang='lat' dir='ltr'><strong>pre·</strong></span> 
     </span>
     <span class='ocr_line' id='line_1_28' title="bbox 165 3556 1197 3649; baseline 0.005 -28"><span class='ocrx_word' id='word_1_209' title='bbox 165 3579 220 3622; x_wconf 88' lang='lat' dir='ltr'><strong>ces</strong></span> <span class='ocrx_word' id='word_1_210' title='bbox 234 3572 319 3626; x_wconf 88' lang='lat' dir='ltr'><strong>sunt:</strong></span> <span class='ocrx_word' id='word_1_211' title='bbox 342 3557 454 3644; x_wconf 85' lang='lat' dir='ltr'><strong>Nunc,</strong></span> <span class='ocrx_word' id='word_1_212' title='bbox 469 3579 488 3620; x_wconf 93' lang='lat' dir='ltr'><strong>o</strong></span> <span class='ocrx_word' id='word_1_213' title='bbox 504 3556 612 3642; x_wconf 73' lang='lat' dir='ltr'><strong>Lyceo</strong></span> <span class='ocrx_word' id='word_1_214' title='bbox 625 3556 755 3646; x_wconf 85' lang='lat' dir='ltr'><strong>Apollo,</strong></span> <span class='ocrx_word' id='word_1_215' title='bbox 767 3557 904 3646; x_wconf 84' lang='lat' dir='ltr'><strong>postulo,</strong></span> <span class='ocrx_word' id='word_1_216' title='bbox 923 3569 1008 3644; x_wconf 87' lang='lat' dir='ltr'><strong>peto,</strong></span> <span class='ocrx_word' id='word_1_217' title='bbox 1032 3559 1097 3624; x_wconf 81' lang='lat' dir='ltr'><strong>tibi</strong></span> <span class='ocrx_word' id='word_1_218' title='bbox 1118 3585 1197 3649; x_wconf 52' lang='lat' dir='ltr'><strong>sup,-</strong></span> 
     </span>
     <span class='ocr_line' id='line_1_29' title="bbox 161 3675 1196 3766; baseline 0.002 -26"><span class='ocrx_word' id='word_1_219' title='bbox 161 3676 272 3765; x_wconf 86' lang='lat' dir='ltr'><strong>plico,</strong></span> <span class='ocrx_word' id='word_1_220' title='bbox 294 3679 400 3762; x_wconf 84' lang='lat' dir='ltr'><strong>coepti</strong></span> <span class='ocrx_word' id='word_1_221' title='bbox 422 3677 520 3742; x_wconf 75' lang='lat' dir='ltr'><strong>luins</strong></span> <span class='ocrx_word' id='word_1_222' title='bbox 548 3687 585 3740; x_wconf 82' lang='lat' dir='ltr'><strong>ut</strong></span> <span class='ocrx_word' id='word_1_223' title='bbox 608 3677 742 3742; x_wconf 83' lang='lat' dir='ltr'><strong>adiutor</strong></span> <span class='ocrx_word' id='word_1_224' title='bbox 765 3677 812 3740; x_wconf 81' lang='lat' dir='ltr'><strong>ais</strong></span> <span class='ocrx_word' id='word_1_225' title='bbox 835 3675 1013 3747; x_wconf 74' lang='lat' dir='ltr'><strong>benevolus.</strong></span> <span class='ocrx_word' id='word_1_226' title='bbox 1059 3676 1196 3766; x_wconf 87' lang='lat' dir='ltr'><strong>Quippe</strong></span> 
     </span>
     <span class='ocr_line' id='line_1_30' title="bbox 166 3792 1195 3882; baseline 0.003 -23"><span class='ocrx_word' id='word_1_227' title='bbox 166 3797 204 3860; x_wconf 87' lang='lat' dir='ltr'><strong>in</strong></span> <span class='ocrx_word' id='word_1_228' title='bbox 222 3805 373 3858; x_wconf 83' lang='lat' dir='ltr'><strong>extremo</strong></span> <span class='ocrx_word' id='word_1_229' title='bbox 390 3817 443 3862; x_wconf 86' lang='lat' dir='ltr'><strong>res</strong></span> <span class='ocrx_word' id='word_1_230' title='bbox 463 3792 657 3866; x_wconf 86' lang='lat' dir='ltr'><strong>discrimine</strong></span> <span class='ocrx_word' id='word_1_231' title='bbox 684 3808 847 3880; x_wconf 86' lang='lat' dir='ltr'><strong>versatur,</strong></span> <span class='ocrx_word' id='word_1_232' title='bbox 868 3793 1024 3870; x_wconf 80' lang='lat' dir='ltr'><strong>imminet</strong></span> <span class='ocrx_word' id='word_1_233' title='bbox 1038 3794 1195 3882; x_wconf 76' lang='lat' dir='ltr'><strong>Aegisthi</strong></span> 
     </span>
     <span class='ocr_line' id='line_1_31' title="bbox 167 3929 391 4000; baseline 0.009 -18"><span class='ocrx_word' id='word_1_234' title='bbox 167 3929 192 3996; x_wconf 80' lang='lat' dir='ltr'><strong>r)</strong></span> <span class='ocrx_word' id='word_1_235' title='bbox 212 3947 236 3983; x_wconf 88' lang='lat' dir='ltr'><strong>r.</strong></span> <span class='ocrx_word' id='word_1_236' title='bbox 257 3930 320 4000; x_wconf 81' lang='lat'>1309</span> <span class='ocrx_word' id='word_1_237' title='bbox 336 3947 391 3998; x_wconf 78' lang='lat' dir='ltr'><strong>sqq.</strong></span> 
     </span>
    </p>
   </div>
   <div class='ocr_carea' id='block_1_3' title="bbox 0 0 1452 4700">
    <p class='ocr_par' dir='ltr' id='par_1_3' title="bbox 0 0 1452 4700">
     <span class='ocr_line' id='line_1_32' title="bbox 0 0 1452 4700; baseline 0 0"><span class='ocrx_word' id='word_1_238' title='bbox 0 0 1452 4700; x_wconf 95' lang='lat' dir='ltr'><strong> </strong></span> 
     </span>
    </p>
   </div>
   <div class='ocr_carea' id='block_1_4' title="bbox 1443 0 1449 3728">
    <p class='ocr_par' dir='ltr' id='par_1_4' title="bbox 1443 0 1449 3728">
     <span class='ocr_line' id='line_1_33' title="bbox 1443 0 1449 3728; baseline 0 0"><span class='ocrx_word' id='word_1_239' title='bbox 1443 0 1449 3728; x_wconf 95' lang='lat' dir='ltr'><strong> </strong></span> 
     </span>
    </p>
   </div>
  </div>
 </body>
</html>
