2902 4704
237 233 315 322 166

119 420 122 428 '
234 412 283 478 ed
300 412 493 500 parendum
510 425 542 480 et
563 410 833 478 consentiendum
855 409 1036 477 incitarent
1048 373 1267 499 puritar'brci

234 528 288 595 dia
316 543 348 596 et
371 531 541 618 numeris,
572 528 610 596 iu
638 529 753 618 quibus
780 531 887 596 multo
918 531 1029 597 inerat
1053 528 1210 616 gravitas
1232 537 1269 594 et

233 647 494 746 delinimentum
515 662 525 714 .·
550 659 591 716 .;
635 649 693 716 lto
717 645 775 720 ille
797 649 891 718 vium
916 647 1160 738 quoalommado
1192 647 1267 738 Ly·
1310 711 1316 718 .

232 789 331 856 surgo
362 770 410 836 od
425 769 513 848 cloes
540 765 759 858 instituendos
791 767 948 838 munivit.
992 768 1041 834 At
1064 767 1118 834 hic
1139 765 1270 856 lyricus

232 863 332 978 poeta
359 899 444 970 erat,
479 884 618 972 eiusque
639 883 771 972 generis
790 906 927 974 poeseos
944 906 1023 950 cum
1049 887 1151 952 rebus
1176 883 1266 974 pub-

232 1005 304 1093 licis
338 1001 618 1070 necessitudinem
657 1002 819 1092 Tyrtaei,
865 1001 1085 1082 Archilochi,
1132 1001 1270 1088 Alcaei,

234 1123 382 1200 aliorum
409 1121 548 1190 nomina
570 1133 640 1190 tam
656 1121 782 1188 claram
806 1120 1036 1207 reddiderunt,
1059 1131 1098 1185 ut
1120 1120 1271 1208 quaestio

234 1237 306 1304 fere
330 1250 464 1319 tantum
493 1243 535 1310 de
552 1239 723 1339 tragoedia
740 1239 801 1328 sit3
823 1239 989 1330 siquidem
1013 1238 1114 1306 etiam
1135 1261 1275 1306 comoe-

238 1358 293 1430 dia
322 1358 358 1424 in
380 1359 448 1427 vita
467 1362 642 1429 communi
668 1360 753 1427 etin
776 1357 865 1425 vitiis
881 1358 1003 1424 nostrie
1036 1381 1153 1424 omnes
1178 1358 1275 1444 quasi

237 1477 366 1558 radices
391 1477 493 1546 habet
521 1503 618 1570 suae,
641 1478 832 1548 stridendo
855 1455 927 1544 *nos
954 1477 1043 1548 mala
1074 1489 1107 1550 et
1130 1477 1273 1550 ridicula

235 1605 311 1698 tum
331 1619 540 1700 :cognosce-re
566 1600 683 1698 docet,
704 1611 780 1671 tum
806 1597 935 1688 fugere.

321 1749 324 1755 Δ
344 1766 412 1837 Sed
435 1770 477 1836 da
496 1771 686 1857 tragoediae
710 1764 834 1836 veteris
849 1769 1012 1856 qualitate
1027 1778 1119 1834 recte
1143 1761 1277 1842 iudica-1

239 1905 278 1952 rs
309 1907 409 1954 nemo
437 1899 568 1976 potest,
591 1885 674 1971 uisi,
697 1889 756 1973 qni
781 1888 888 1972 bene,
910 1885 1067 1974 qualibus
1100 1884 1160 1950 illa
1183 1896 1272 1951 tem-

240 2005 381 2092 poribus
407 2003 582 2090 floruerit‚
605 2006 721 2072 animo
755 2001 902 2070 infixum
933 2003 1064 2070 habeat.-
1108 2005 1188 2070 Non
1219 2003 1281 2069 hio

239 2123 289 2189 de
311 2124 481 2212 'Phespide
504 2117 612 2190 ¹velim
627 2123 786 2210 cogitari3
809 2121 932 2189 etenim
948 2122 1023 2190 eius
1039 2134 1145 2192 aetate
1166 2123 1294 2191 adbuc¹

242 2239 354 2308 iulans
382 2253 483 2328 atque
499 2242 616 2308 insitae
642 2261 722 2310 suaa
747 2241 798 2307 vis
821 2240 924 2306 inscia
949 2263 1003 2306 ars
1029 2255 1119 2328 erat3
1151 2245 1209 2308 sed
1234 2245 1278 2311 do

237 2371 406 2448 tempore·
424 2361 515 2426 iuter
538 2362 711 2429 Persicum
746 2373 780 2428 et
802 2359 1125 2450 Peloponnesiacum
1149 2359 1282 2429 bellum

240 2481 385 2568 loquor,
416 2480 458 2560 ed
488 2471 687 2568 qitod‘tu‘m
714 2481 860 2547 aliarum
886 2475 1004 2548 rarum
1032 2483 1279 2570 plurimarum,

240 2606 315 2665 tum
341 2599 485 2682 tragicas
499 2599 591 2665 artie
614 2598 849 2668 flue-summus
865 2601 1020 2688 pertinet.
1062 2600 1165 2666 Tunc
1186 2600 1278 2666 enim

242 2715 423 2790 domestica
438 2709 638 2808 -eiprivata,
661 2720 769 2808 qualia
793 2721 875 2786 haec
895 2731 1012 2785 nostra
1036 2729 1103 2805 eat,
1126 2718 1195 2784 vite
1217 2739 1280 2806 pe·

241 2855 286 2899 ue
312 2835 412 2905 trulla
428 2831 526 2924 erat}
546 2837 616 2924 sed,
638 2839 835 2926 quicunque
854 2837 967 2926 alique
981 2837 1070 2904 inter
1087 2837 1180 2926 cives
1202 2857 1282 2902 suos

241 2949 277 3014 ei
302 2961 336 3016 et
358 2955 429 3018 abts
453 2951 684 3039 praestabant,
708 2973 784 3020 eam
803 2971 942 3020 omnem
963 2955 1006 3021 ad
1024 2947 1281 3044 Rempublicam

242 3066 470 3136 conferebant.
501 3070 922 3160 .Acmultitudoquide1n
951 3086 1052 3160 tunc,
1073 3097 1142 3163 quo
1169 3074 1282 3138 minua

244 3203 361 3264 serum
386 3198 557 3274 gaeterum
581 3187 676 3256 olere
689 3177 810 3258 baneas
842 3201 877 3257 et
896 3209 1072 3282 processus
1095 3187 1281 3279 perspicie-

244 3302 321 3390 bat,
355 3326 396 3372 eo
425 3307 467 3374 de
497 3329 533 3374 ae
558 3329 686 3396 suaque
715 3295 885 3397 potentia,
917 3313 1044 3398 quippe
1074 3328 1139 3402 qua
1169 3315 1281 3395 tapsus

208 3403 214 3410 ’
246 3420 442 3512 profligatus
457 3426 563 3494 hostis
585 3439 687 3514 asset,
710 3429 872 3496 sentiebat
885 3427 1002 3514 altius,
1017 3425 1124 3513 'atque
1141 3427 1282 3492 unirer-

247 3563 370 3608 saeuo
408 3541 533 3632 regere
555 3545 696 3616 erbitrio
724 3547 893 3636 gestiebat.
919 3547 952 3626 s)
997 3525 1067 3624 Qui
1100 3561 1183 3612 vero
1203 3546 1282 3613 urbi

248 3673 424 3750 praeerant
451 3663 535 3751 viri,
558 3687 674 3734 omnes
693 3665 825 3740 Solonis
843 3663 992 3738 instituta
1018 3676 1051 3762 ct
1068 3664 1281 3754 disciplinam
1400 3663 1401 3668 ’

249 3868 275 3938 a)
307 3868 433 3927 menreb.
447 3874 494 3929 rit.
514 3871 621 3930 Arteud.
632 3893 658 3944 7.
672 3887 698 3929 as
717 3885 759 3928 re.
778 3873 811 3927 al.
827 3870 934 3930 Aristar.
947 3875 1021 3945 patio
1037 3871 1119 3942 VIII,
1135 3871 1162 3927 6.
1178 3870 1204 3925 6.
