2876 4704
64 278 276 430 ,ιι

557 387 571 428 0

221 471 360 560 sentiat,
384 473 533 562 piurima
569 477 605 544 in
635 476 706 564 his,
738 497 824 566 quae
846 478 961 546 'nobis‘
988 477 1169 546 subtiliora
1202 480 1257 545 vel

222 579 418 660 obscuriore
441 594 638 681 videantur,
657 597 726 662 illis
744 596 910 685 gentibus,
933 609 966 664 et
990 598 1059 667 alio
1077 599 1139 664 sub
1160 598 1256 664 noeto

222 709 308 774 natis
336 723 369 776 et
391 733 550 816 sensuum
571 713 607 778 vi
626 727 726 800 atque
752 717 875 782 ardere
900 717 997 784 aliter
1024 737 1062 792 ac
1085 739 1146 783 nos
1161 737 1256 794 com·

220 829 343 918 motis,
365 831 514 896 maxima
543 830 721 898 familiaria
752 830 854 904 fuisse
872 847 905 902 et
928 836 970 901 sd
987 858 1060 921 res,
1084 857 1168 922 quae
1193 839 1258 898 crt-

106 943 110 948 ’
222 947 361 1034 piebant
391 945 853 1040 significare,pa1stissima?
894 955 1001 1040 Atqui
1030 954 1096 1020 iilis
1120 975 1164 1021 ex
1187 963 1260 1018 ter-

222 1065 269 1129 ris
290 1066 545 1132 remotissima
542 1079 709 1155 tempore
733 1071 894 1136 multes'
882 1092 920 1157 ιιι
943 1071 1123 1136 Graeciam
1149 1070 1253 1136 Colo-

223 1184 295 1264 piss
327 1183 538 1271 immigrasse
561 1186 615 1254 isti
640 1190 847 1258 concedunt:
869 1210 953 1254 num
971 1187 1074 1280 igitur
1099 1211 1170 1274 eas,
1212 1181 1259 1254 si·'

213 1275 298 1412 'mul
323 1324 363 1367 ao
384 1306 617 1404 pervenissent
647 1329 697 1392 eo,
718 1309 840 1398 patrias
862 1329 936 1372 suas
961 1306 1144 1382 deseruisse
1172 1308 1259 1374 reli·

206 1414 336 1506 gisnes
353 1433 454 1511 atque
474 1447 596 1531 novas,
620 1427 733 1493 nescio
757 1449 856 1516 quas,
879 1437 1006 1506 secutas
1029 1447 1099 1495 esse
1115 1425 1257 1492 affirma·

220 1533 335 1609 Ῑιιιιιι7
359 1512 492 1622 Mirum
521 1546 610 1640 istud
633 1547 771 1634 quidem
791 1559 825 1614 et
845 1545 1034 1612 inauditum
1059 1544 1169 1628 foret,·
1191 1545 1256 1610 hoe

221 1681 305 1730 vero
324 1684 367 1730 ne
390 1664 530 1760 cogitari
548 1635 685 1754 quidem
706 1660 815 1756 petest
832 1665 868 1731 in
886 1686 944 1751 ea,
968 1685 1033 1754 qua
1057 1677 1138 1754 tune
1154 1639 1258 1751 Graes

220 1780 270 1844 cia
299 1783 409 1848 omnis
435 1778 556 1849 obruta
595 1795 667 1848 erat
690 1786 877 1868 ignorantia
911 1795 944 1848 et
972 1782 1132 1848 barbarie.
1189 1753 1256 1848 Sed

219 1896 273 1962 fac
294 1898 371 1963 illos
397 1900 545 1986 Colonos
571 1921 699 1987 omnes,
721 1901 759 1964 in
782 1899 900 1965 itinere
914 1897 1092 1983 videlieet,
1114 1919 1258 1998 suorum

220 2005 344 2080 dblitos
364 2037 432 2081 esse
449 2015 602 2127 deorum,
620 2029 721 2104 atque
734 2017 856 2100 subito,
871 2017 964 2104 quasi
978 2015 1084 2080 noctis
1103 2037 1146 2080 ex
1162 2026 1257 2120 tene·

219 2131 300 2220 bris,
323 2109 503 2220 poetarum
533 2146 566 2200 et
583 2135 729 2201 Homeri
750 2133 914 2201 effulsisse
936 2133 1152 2222 sapientiem:
1175 2133 1257 2222 qui-

219 2250 283 2315 bus
307 2253 443 2318 tandem
465 2251 653 2318 efontibus
688 2252 929 2339 Epimenidem
960 2265 1061 2340 atque
1100 2231 1182 2318 alios
1209 2232 1256 2316 il-¹

174 2381 179 2400 ³
219 2368 290 2436 lam
316 2392 412 2440 suam
438 2372 595 2464 hausisse
610 2372 837 2438 eruditionem
864 2365 1058 2438 docebunt?
1083 2369 1259 2436 Nimirum

219 2491 474 2580 Aegyptiorum
487 2473 685 2576 sacerdotes,
703 2491 964 2580 peregrinorum
994 2503 1026 2556 at
1045 2489 1258 2559 Graecorum

220 2592 316 2673 dmui
335 2622 489 2698 tempora
506 2612 736 2696 amantissimi,
761 2611 842 2676 haec
858 2612 1014 2676 universa
1039 2610 1078 2672 iis
1105 2607 1259 2690 tradideff

219 2713 302 2796 dunt
317 2741 349 2797 et
364 2752 466 2820 sacra,
485 2755 554 2799 non
569 2731 680 2798 solum
699 2753 769 2814 sus,
787 2729 846 2794 sed
870 2729 1002 2824 indica,
1018 2727 1169 2814 Libyes,
1191 2719 1259 2832 aiia'

218 2848 259 2914 iis
273 2850 389 2916 omnia
407 2847 620 2919 revelarunt!
646 2849 769 2952 Credat
790 2847 938 2912 iudaeus
957 2842 1099 2934 Apella!
1122 2845 1187 2909 Sed
1203 2844 1257 2911 vi·
1274 2850 1278 2855 “

219 2966 281 3055 de,
305 2990 406 3056 quam
434 2971 590 3062 ineptum
609 2967 661 3032 illi
679 2967 777 3032 nobis
798 2964 1038 3054 Epimenidem
1057 2964 1259 3069 exhibeant,

107 3129 118 3142 t
219 3083 354 3170 virum,
377 3107 477 3172 quem
504 3099 574 3153 tota
596 3083 792 3173 Antiquitas
822 3082 986 3152 consentit
1002 3081 1105 3149 fuisse
1122 3081 1256 3170 sapien·

219 3203 395 3294 tissimum.
418 3201 554 3295 Quippe
571 3203 613 3267 ab
631 3201 774 3286 Solone,
797 3201 968 3288 familiari,
984 3201 1026 3268 ad
1049 3201 1162 3286 legum
1180 3199 1257 3264 urbi

220 3316 437 3390 serendarum
456 3315 648 3388 societatem
665 3319 789 3389 accitus
810 3320 879 3406 ille,
891 3301 970 3388 cum
990 3322 1134 3389 venisset
1151 3318 1257 3384 Athe·

220 3461 302 3525 ιιιις,
321 3451 398 3506 ante
427 3440 541 3506 omnia
568 3441 609 3505 ad
630 3442 756 3504 luctum
785 3439 874 3503 nivea
900 3437 1020 3507 ‘fecisse
1050 3437 1257 3504 moderatio·

115 3540 120 3550 x
219 3581 272 3626 res
299 3553 408 3626 fertur
444 3563 496 3646 ι),
519 3560 685 3626 sacrificiis
706 3557 908 3647 quibusdam
942 3557 1054 3624 statim
1088 3555 1130 3622 ad
1160 3579 1258 3622 exse·

220 3677 318 3767 quiae
324 3678 469 3765 additis,
485 3692 516 3745 et
535 3692 662 3747 semota
680 3677 856 3768 asperitate
879 3673 1073 3760 barbarica,
1097 3695 1164 3763 qua
1183 3695 1258 3741 ms·

198 3935 244 4008 ⁵1)
278 3935 406 4003 Plutareh.
429 3938 474 3988 sit.
502 3932 591 3988 Solon.
609 3951 631 3986 e.
654 3925 715 3984 12(
