2902 4704
249 283 351 382 iol,
445 282 449 292 '

243 465 339 556 qood
354 483 415 552 ago
432 454 576 533 voluisse
589 447 808 532 Plutarchum
827 449 1032 552 negauerim.
1057 465 1104 530 At
1120 485 1197 534 sane
1215 455 1276 535 mi·

219 662 223 680 Ι
249 609 310 654 ma
333 586 396 655 iate
413 585 498 653 mihi
520 583 624 652 Solon
642 597 724 666 erat,
738 579 805 668 -qui
827 585 1031 670 pudendum
1046 607 1114 650 esse
1133 587 1280 674 diceret,
1352 553 1356 576 ι

247 717 302 772 tot'
317 719 432 772 corona
457 698 643 766 hominibus
666 719 702 762 ae
732 700 836 764 talem
856 699 975 789 fingi:
998 705 1091 792 quasi
1115 707 1197 770 vero
1223 707 1278 770 in·-

251 827 304 890 tia
331 821 527 889 domesticos
557 817 720 906 parietes,
756 821 813 886 vel
838 821 1026 888 amicorum
1051 825 1279 892 inconvento

245 939 283 1010 id
300 943 428 1008 laturus
444 934 601 1002 libentius
628 933 763 1005 fuisset!
786 939 850 1004 Sed
865 937 942 1004 vide
957 955 1148 1031 praeterea,
1172 967 1278 1031 quan-

247 1072 301 1125 tae
330 1077 410 1122 non·
432 1041 678 1143 impudentiae,
709 1058 767 1121 sed
798 1046 945 1143 stuporis
994 1063 1111 1145 quanti
1147 1064 1277 1129 bonum

243 1171 451 1258 'fheapidem
468 1172 569 1242 faciat
587 1176 654 1241 'vir
677 1174 812 1260 doctus,
846 1174 971 1262 quippe
998 1199 1097 1262 quem
1143 1180 1272 1268 Soloni,

241 1292 329 1373 inste
358 1291 447 1359 irato
478 1305 584 1383 puto,
620 1306 657 1360 at
673 1315 734 1382 per
763 1292 948 1362 ludibrium
977 1293 1079 1361 licere
1103 1297 1192 1361 tolio
1219 1319 1276 1362 re·

244 1410 418 1500 spondisse
457 1410 596 1480 statuat!
628 1415 681 1479 Ao
708 1407 807 1498 olane
850 1413 950 1500 digna
986 1413 1039 1479 hia
1085 1412 1274 1480 insulsitate

132 1521 134 1526 ’
246 1551 306 1596 aaa
336 1543 505 1618 postrema
542 1535 599 1602 illa
618 1530 760 1604 ,Solonis
788 1544 915 1617 essent,
938 1531 1029 1604 breui
1057 1543 1220 1622 tempore,
1241 1532 1275 1596 ai

244 1649 328 1716 hoec
336 1648 423 1740 fleri
444 1676 506 1742 per
531 1653 714 1720 ludibrium
735 1649 897 1738 sinimur,
920 1635 1039 1720 eodem
1058 1654 1095 1719 in
1119 1655 1191 1726 vito
1216 1671 1275 1716 re-

245 1771 423 1859 periemus.
468 1765 545 1836 Sed
565 1772 606 1836 de
622 1771 674 1833 his
698 1769 773 1855 plna
795 1790 896 1854 quam
921 1773 998 1836 satis
1024 1765 1089 1838 est!

346 1935 478 2002 Deinde
508 1957 592 2000 vero
620 1935 902 2024 Kanogiesserus,
925 1937 996 2025 ipsa
1021 1936 1274 2024 interpretatio-

153 2041 156 2058 ’
246 2052 304 2132 nis
331 2076 410 2119 suaa
435 2066 554 2120 natura
585 2051 627 2118 ad
645 2055 903 2121 inconstantiam
921 2054 1023 2122 modo
1043 2064 1271 2137 noncoactus,
1338 2063 1341 2071 ¹

243 2165 320 2261 nost
344 2171 455 2240 levem
481 2171 744 2260 titubationem,
768 2175 808 2240 ad
830 2174 1039 2241 Pisistratum
1063 2195 1098 2239 se
1124 2194 1272 2238 eonver-

246 2293 296 2376 tit,
319 2314 463 2378 eumque
488 2292 612 2376 virum,
635 2311 701 2378 qut
728 2291 764 2357 in
791 2313 885 2358 scena
910 2292 1053 2380 Thespis
1075 2313 1153 2356 usus
1179 2302 1272 2376 esset,

164 2457 167 2462 -
245 2427 317 2476 arte
350 2423 463 2505 postea
491 2409 581 2475 cives
610 2407 775 2498 decepisse
805 2423 928 2476 narrat.
972 2411 1071 2476 Tunc
1091 2411 1193 2497 igitur
1216 2431 1276 2474 ex·

163 2559 168 2566 ·
248 2529 407 2602 clamasse
437 2529 614 2596 Solonem:
639 2529 750 2616 „haec
771 2529 865 2596 illinc
889 2541 964 2595 nata
984 2540 1081 2616 sunt,
1120 2529 1185 2594 hoc
1206 2541 1271 2594 est:

163 2639 164 2647 '
224 2639 428 2715 'eludibrio
449 2647 636 2739 tyrannis.”
677 2647 849 2715 Mirabilia
872 2649 971 2714 etiam
997 2649 1076 2716 haec
1098 2660 1195 2734 sunt3
1216 2646 1274 2712 sed

244 2767 364 2831 eadem
389 2767 460 2834 fere
486 2781 519 2834 et
539 2768 614 2835 aliis
638 2767 793 2859 pluribus
823 2782 854 2834 et
872 2767 1022 2834 Bentleio
1055 2769 1274 2858 placuerunt,

246 2885 306 2971 qui
332 2885 413 2952 haec
431 2888 530 2953 habet
562 2885 611 2976 t):
633 2888 747 2972 „Alio
774 2889 808 2953 io
834 2888 909 2952 loco
937 2887 1011 2974 ipse
1034 2884 1274 2968 (Plutarchus)
1376 2963 1378 2966 Ι

236 3013 378 3088 namot,
401 3006 557 3091 primos,
581 3005 640 3089 qui
665 3003 839 3068 historiam
864 3015 897 3068 et
914 3005 1116 3070 calamitates
1133 3003 1277 3068 heroum

245 3119 574 3186 inconsuetudinem
603 3141 719 3186 scenae
747 3121 1018 3208 introducerent,
1042 3121 1276 3212 Phrynichum

245 3237 348 3303 fuisse
373 3251 407 3304 et
435 3239 666 3326 Aeschylum:
689 3249 728 3304 ot
752 3249 847 3304 antea
871 3241 981 3306 omnia
1009 3241 1177 3326 tragoedia
1194 3235 1273 3301 fue-

230 3357 291 3452 -rit
326 3358 489 3445 satyrica,
520 3379 580 3422 nec
619 3356 711 3422 aliud
738 3371 997 3444 argumentum,
1037 3357 1100 3424 nisi
1126 3353 1275 3420 Bacchus

248 3498 325 3558 eum
352 3475 490 3564 Satyris.
533 3475 597 3541 Sed
627 3476 654 3541 si
674 3477 775 3557 haec,
807 3479 848 3542 de
873 3477 1059 3562 Thespide,
1092 3473 1217 3539 Solone
1242 3487 1276 3540 et

220 3597 222 3601 ’
246 3595 437 3680 Pisistrato,
460 3618 540 3660 vara
563 3607 661 3680 sunt,
684 3607 834 3680 oportet,
857 3595 1007 3682 Tbespin
1037 3591 1219 3679 induxisse,
1238 3593 1275 3658 in

239 3698 366 3782 ¹fabulis
382 3715 449 3782 auis
471 3713 642 3804 Ulyssem,
674 3727 706 3782 et
728 3714 810 3779 alios
829 3715 962 3780 heroes:
986 3700 1152 3778 indicatur
1169 3711 1273 3792 enirn,

246 3915 323 3988 tffl.
340 3923 359 3974 1.
377 3940 401 3991 p.
419 3921 477 3977 503.
