2894 4700
238 421 326 489 lram
349 419 445 487 nobis
467 420 654 508 proposuit,
676 417 807 484 sceleris
829 416 881 482 sni
903 415 1101 484 conscientia
1124 415 1277 482 maxime

238 538 407 606 turbatam
424 562 462 604 ao
483 561 568 625 pene
584 537 740 618 fractam,
762 536 818 604 sed
833 533 1046 622 inAegisthi
1064 535 1155 620 turpi
1172 555 1274 598 amo·-

182 696 187 703 ·
239 678 277 726 re
305 656 370 724 isto
395 669 621 737 onustantem:
650 657 687 722 in
719 653 848 720 Orestis
869 673 1005 718 summo
1029 652 1179 740 periculo
1196 651 1275 718 ani·
1344 673 1348 680 ·

239 769 336 846 mum
360 780 431 842 eius
453 753 716 842 nobis'onentit
737 784 808 838 tam
829 771 1049 836 vehementer
1065 784 1275 838 commotum

184 887 187 896 ¹
241 905 378 982 tamque
410 895 452 962 ad
474 891 668 960 audendum
691 891 805 962 omnia
836 901 1014 978 paratum,
1045 899 1084 954 ut
1112 887 1193 956 haec
1221 885 1278 954 fa-

244 1002 340 1080 bulae
372 1033 451 1102 pars
477 992 759 1100 praestantissima
800 1008 843 1075 sit
873 1007 1082 1094 summisque
1120 1006 1276 1074 laudibus

246 1121 447 1208 dignissima.
490 1129 625 1197 Verum
647 1129 688 1194 ad
710 1127 797 1194 hanc
827 1125 907 1193 artis
929 1125 1162 1192 excellentiam
1186 1125 1274 1192 Vol-

243 1242 348 1316 tarius
367 1255 447 1314 tuno
465 1247 609 1335 denique
626 1247 785 1336 ascendit,
804 1255 1019 1336 posteaquam
1037 1265 1107 1310 sese
1123 1244 1165 1312 sb
1184 1265 1276 1331 mag·

246 1359 282 1431 ni
311 1364 460 1451 exempli
496 1365 549 1456 aui
578 1367 673 1454 quasi
703 1367 842 1436 molesta
864 1364 1086 1432 aemulatione
1109 1364 1279 1450 quodam·

246 1479 349 1550 modo
390 1481 571 1554 liberatum
603 1486 709 1570 vidit3
748 1488 784 1553 in
817 1483 934 1573 priore
964 1482 1078 1571 fabula
1101 1483 1200 1554 etium
1238 1481 1295 1546 in·

247 1599 533 1690 Clytaemnestraa
563 1603 711 1692 partibus
741 1604 837 1692 plura
864 1602 997 1689 posuit,
1022 1623 1107 1689 quae
1140 1600 1278 1688 vitupe-

158 1773 169 1810 a
246 1721 375 1789 ratione
401 1723 485 1788 iusta
514 1717 748 1794 nonsscareant.
792 1710 961 1790 Mittimus
990 1742 1066 1790 eam
1107 1719 1305 1808 quaestio-V

246 1857 335 1922 nem,
358 1859 421 1908 our
438 1839 578 1906 omnino
595 1839 764 1906 scelestam
783 1839 881 1904 iatam
904 1839 1084 1904 mulierem
1101 1840 1186 1904 adeo
1208 1818 1304 1902 stu-'¹

249 1953 378 2026 diosam
395 1952 583 2042 liberorum
602 1974 742 2022 suorum
766 1953 916 2024 finxerit.
960 1954 1136 2042 Siquidem
1159 1975 1278 2022 omues

193 2155 196 2161 Ι
247 2063 359 2144 morea
390 2074 462 2140 eius·
483 2072 567 2140 adeo
590 2072 743 2138 animum
774 2085 929 2142 nostrum
963 2093 1164 2162 suspensum
1189 2073 1281 2140 iuter·

248 2189 496 2264 miserationem
520 2201 551 2256 et
571 2201 778 2258 contemtum
803 2201 926 2276 tenent,
953 2202 990 2256 ut
1012 2191 1157 2258 materni
1179 2213 1282 2261 amo-

249 2308 296 2384 tis
325 2310 363 2380 iu
392 2319 483 2382 tante
519 2309 728 2405 turpitudine
757 2310 820 2376 vis
844 2309 903 2377 ills
935 2310 1140 2380 incredibilis
1173 2331 1280 2398 prope

249 2428 389 2522 moleste
414 2441 451 2500 et
479 2429 567 2502 male
600 2451 677 2526 ¹una
700 2427 829 2502 afficiat.
874 2429 942 2498 Sed
972 2427 1151 2516 faciamus,
1173 2441 1282 2496 artem

249 2547 291 2624 ao
315 2546 377 2620 hae
402 2547 577 2620 muliebris
603 2549 730 2636 ingenii
764 2549 943 2620 atrocitatis
966 2569 1043 2618 num
1068 2549 1168 2616 insito
1194 2545 1280 2637 pro-

249 2664 291 2740 lia
315 2688 431 2740 amore
454 2665 692 2738 coniunctione
717 2689 788 2734 unu
812 2667 965 2734 debuisse
998 2667 1182 2734 abstinere:
1204 2687 1281 2732 cer·

247 2796 281 2860 te
310 2787 446 2874 gravius
470 2798 502 2860 et
523 2787 655 2874 dignius
682 2807 744 2858 noa
769 2785 1008 2858 commovisset
1040 2784 1218 2880 poet-mysi
1242 2783 1282 2850 in

250 2913 318 2972 totu
344 2904 457 2972 fabula
473 2903 651 2974 fortiorem
670 2915 771 2995 atque
794 2903 967 2970 elatiorem
996 2902 1281 2991 Clytaemestrae

250 3021 402 3088 animum
430 3023 590 3088 finxisset.
644 3021 775 3086 Scilicet
799 3033 880 3086 tunc
919 3023 972 3090 vel
1001 3035 1166 3110 postrema
1198 3023 1281 3091 haec

252 3138 322 3208 eiua
361 3140 397 3206 in
431 3137 504 3206 ¹iilic
547 3139 756 3210 defendendo
799 3139 935 3205 audacia
967 3139 1073 3227 magis
1108 3139 1282 3228 inopinata

250 3254 390 3348 fuisset,—
405 3281 515 3346 neque
534 3247 719 3326 levioribus
742 3257 825 3345 istis,
847 3280 933 3345 quae
954 3259 1163 3341 antecedunt,
1183 3281 1284 3324 com-

251 3375 459 3448 motionibus
477 3377 656 3466 debilitata,
670 3369 723 3447 ve'l
740 3378 998 3452 admirationem
1015 3377 1131 3442 saltem
1148 3376 1283 3445 habuis·
1381 3371 1385 3380 ’

230 3507 311 3579 net,
333 3497 370 3564 in
399 3509 490 3566 tauto
510 3493 643 3584 scelere,
668 3497 912 3585 imperturbata
938 3494 1088 3594 mulieris
1109 3492 1282 3584 seronitas·

225 3616 229 3622 '
253 3613 356 3680 Nuno
374 3638 457 3688 veno
475 3616 516 3681 ab
542 3616 637 3684 initio
654 3615 789 3682 fabulae
815 3615 1118 3706 Clytaemnestram
1139 3613 1282 3682 delicto-

253 3756 328 3808 rum
352 3757 493 3808 euorum
516 3737 716 3808 conscientia
751 3733 871 3804 misere
898 3733 1080 3804 cruciatam
1111 3733 1279 3820 videmur,

252 3853 443 3923 felicitatem
470 3876 565 3920 suam
588 3853 730 3922 deletam
755 3875 835 3938 esse,
860 3853 1017 3944 pristinas
1042 3855 1167 3922 umoris
1196 3852 1276 3920 ille-
