2894 4700
257 444 332 514 Nos
361 460 462 532 vero,
483 455 523 514 nt
555 445 776 514 haecomnia
804 447 892 512 cisra
922 456 955 514 et
981 447 1156 536 perspicua
1188 452 1291 540 fiant,

258 564 412 651 primum
435 565 471 632 id
495 565 641 633 velimus
666 563 793 651 ¹teneri,
817 563 910 652 qued
942 564 979 630 in
1016 567 1205 657 antiquiore
1226 570 1287 636 ilio

256 681 393 749 oracula
422 682 508 750 nihii
545 682 709 770 Herculi,
732 693 771 748 ut
796 683 951 769 videtur,
975 685 1181 772 praedictum
1207 700 1290 776 erat,

255 779 320 871 nisi
355 823 434 870 eum
458 801 754 901 avironemine,
777 799 835 865 aed
871 823 890 866 a
920 813 1056 868 mortuo
1096 829 1165 875 esse
1192 810 1288 901 peri.

255 932 392 1001 turum,
414 919 516 1008 idque
543 920 698 986 affectum
723 919 831 1008 Nessi,
854 920 991 1004 mortui,
1015 939 1178 993 venenato
1209 948 1289 994 san·
1346 913 1353 920 ¹

252 1040 354 1128 guin'e
386 1039 548 1106 videmus.
593 1037 631 1104 in
656 1038 978 1124 recentioreuautem
1010 1040 1186 1134 vaticinio,
1210 1045 1291 1111 Dos

252 1159 392 1243 donaeo,
429 1157 546 1240 heroi,
571 1178 638 1244 quo
670 1157 826 1223 laborum
856 1179 996 1224 suorum
1026 1159 1128 1229 finem
1163 1164 1287 1231 inven-

252 1286 351 1341 turus
376 1285 478 1362 esset,
501 1287 633 1364 tempus
666 1275 848 1342 indicatum
877 1287 967 1363 erat,
1008 1255 1118 1366 etque*
1136 1281 1171 1346 id
1195 1252 1290 1370 quo-e⁴

253 1415 320 1486 que
337 1395 486 1476 evenisse
502 1393 574 1484 ipse
594 1417 655 1492 noe
672 1394 770 1460 docet
788 1393 962 1462 Hercules.
985 1395 1061 1461 Hoc
1077 1407 1188 1464 autem
1212 1421 1287 1464 nra·

250 1512 378 1600 nulum,
401 1524 439 1578 ut
459 1511 596 1580 fortasse
606 1513 640 1580 in
656 1513 750 1599 aiios,
770 1514 817 1580 ita
834 1514 868 1583 in
889 1513 1088 1581 Trachinins
1108 1487 1286 1583 emanave-

251 1643 315 1718 rat3
332 1630 495 1720 siquidem
516 1607 607 1698 hand
623 1607 818 1720 ambiguam
840 1634 1047 1700 mentionem
1069 1634 1140 1702 eius
1160 1635 1285 1700 chorus

250 1751 376 1838 iniicit,
399 1751 458 1839 qni
484 1751 723 1845 duodecimum
755 1773 882 1818 annum
918 1752 1061 1822 Herculi
1101 1753 1283 1821 allaturum

254 1890 324 1936 essa
353 1870 539 1958 requietem
565 1869 654 1936 canit
683 1873 732 1956 ri:
762 1869 803 1935 ad
833 1869 934 1956 idque
958 1892 1067 1936 unum
1102 1894 1217 1940 omnes
1246 1871 1283 1939 in

210 2009 214 2014 ·
251 1986 315 2053 hae
348 1986 462 2054 fabula
492 1987 558 2054 loci
589 2000 762 2082 speetant3
797 1964 967 2075 antiquius
1000 1988 1091 2054 enim
1128 1987 1215 2055 illud
1254 1989 1283 2056 si

250 2117 309 2171 aut
347 2106 523 2174 Deianirae
553 2120 612 2173 snt
650 2108 754 2179 choro
796 2117 916 2174 notum
948 2103 1081 2193 fuisset,
1126 2107 1187 2172 vix
1205 2107 1283 2204 ⁸illa¹

249 2225 375 2293 marita
416 2230 577 2306 tunicam,
599 2226 759 2312 misisset,
795 2223 895 2292 Nessi
930 2225 1091 2314 sanguine
1129 2225 1284 2323 tinctam,

203 2418 205 2422 ,
249 2347 367 2434 Atque
411 2321 625 2436 singulorum
661 2344 798 2434 quidem
836 2339 1023 2429 messiam,
1059 2342 1117 2433 qui
1145 2321 1190 2412 ἰιις
1220 2342 1284 2410 hna

248 2463 363 2531 fabula
392 2439 647 2552 memorantur,
679 2443 846 2556 rationem
872 2464 918 2530 sic
943 2463 1190 2554 explanandam
1212 2483 1283 2552 pu-

249 2595 298 2651 to.
341 2582 506 2650 Hercules
535 2583 687 2669 labores,
717 2584 758 2650 ab
783 2584 980 2676 Eurystheo
1007 2582 1071 2674 ipsi
1096 2581 1283 2672 impositos

250 2701 338 2788 iilos,
361 2702 442 2770 anni
464 2701 582 2782 decimi
614 2723 729 2770 mensa
752 2701 822 2770 fers
862 2703 993 2767 decimo
1024 2722 1140 2766 omnes
1165 2697 1283 2788 perfe-

248 2832 339 2888 cerat
370 2821 426 2910 α).Ι
458 2821 536 2906 Qua
559 2819 629 2889 fere
651 2834 815 2910 tempore,
834 2841 986 2901 reversus
1008 2817 1162 2902 domum,
1185 2817 1281 2909 iphi-

247 2951 321 3006 tum
344 2917 515 3006 interemit
537 2941 676 3026 insidiis,
690 2942 836 3026 ,eiusque
866 2938 974 3004 asadia
993 2937 1126 3026 Jupiter
1152 2957 1205 3002 aas
1237 2934 1281 3002 ab

249 3059 321 3126 filio
339 3083 462 3148 poenas
481 3057 611 3157 sumsit,
628 3065 667 3122 ut
683 3078 811 3149 annum
829 3077 907 3122 eum
925 3057 1133 3148 Omphalae,
1151 3053 1284 3148 Lydiae

248 3179 421 3280 mulieri,
442 3165 568 3244 servire
588 3187 736 3278 ¹¹cogeret
761 3172 817 3266 3);
840 3174 1000 3243 Deianira
1035 3147 1170 3262 antem,
1199 3185 1282 3243 tune

249 3296 391 3386 expulsa
414 3294 533 3386 patria,
556 3293 762 3362 Trachinem
782 3316 816 3361 se
828 3295 976 3364 ‘contulit
993 3292 1213 3383 ibiquedagit
1230 3292 1282 3378 4).

253 3413 369 3506 Itaque
397 3414 431 3480 in
458 3425 570 3503 nostra
592 3412 706 3480 fabula
736 3414 794 3480 iu·
820 3427 998 3507 propterea
1021 3436 1055 3479 se
1071 3413 1191 3477 timere
1211 3422 1283 3477 tam

249 3533 467 3602 vehementer
498 3533 603 3620 dicit,
635 3530 945 3622 quod'Hereules,
975 3529 1063 3598 istud
1090 3530 1282 3620 ingrediens

138 3702 142 3710 =
246 3651 322 3740 iter,
347 3653 506 3721 tredecim
526 3653 693 3721 mansium
711 3653 774 3742 ipsi
800 3666 933 3739 ternpus
963 3651 1188 3738 constituerit,
1211 3672 1282 3738 qun

245 3772 446 3864 praeterita,
484 3772 512 3838 si
544 3795 613 3839 non
641 3773 806 3856 rediisset,
845 3781 1020 3836 mortuum
1057 3765 1133 3838 eum
1164 3765 1283 3852 erede·¹

245 3927 272 3996 t)
287 3949 313 3983 v·
329 3927 388 3984 aas.
408 3944 464 3994 sqq·
488 3925 513 3992 a)
533 3943 557 3980 v.
574 3925 616 3982 36.
632 3925 673 3994 a«
700 3925 729 3991 ὅ)
744 3944 770 3979 v.
786 3927 844 3994 ²75·
860 3943 916 3995 sqq.
933 3927 967 3980 ai.
985 3945 1010 3980 r.
1026 3926 1068 4004 ⁶9·
1084 3882 1123 3996 aa·
1155 3921 1181 3990 i]
1200 3941 1224 3973 v.
1241 3923 1286 3982 58.
