2894 4700
1037 428 1042 438 .
1106 293 1184 434 225>

155 495 209 560 ios
239 475 466 562 institutionis¹
482 493 538 560 bic
565 515 636 560 non
650 489 744 560 locus
763 505 822 580 est;
844 476 1050 572 mentionem
1075 507 1187 568 tamen

153 611 319 677 Hemleti
334 611 468 680 fabulae
494 613 549 680 vel
573 624 751 701 propterea
778 593 875 678 mihi'
893 609 1088 681 'faciendam
1113 603 1187 687 ‘esse

153 729 284 817 putavi,
308 732 400 815 quod
433 731 505 819 ipse
544 727 723 798 Voltarius
751 750 825 796 eam
865 719 1075 798 simillimam
1110 757 1188 804 enee

153 867 223 912 esse
249 837 438 915 observavit
467 853 520 931 a).
565 849 641 915 Jem
676 849 779 935 igitur
803 850 845 914 de
880 849 951 914 eius
976 847 1095 920 Oreste
1130 842 1187 923 vi-¹

154 965 303 1031 deamus.
357 967 469 1055 Atque
505 965 536 1034 ei
580 967 736 1056 quidem,
766 965 862 1034 sicuti
888 959 1081 1057 'Hamleto,
1115 995 1186 1040 non

153 1083 195 1148 de
221 1097 338 1169 matre,
357 1087 416 1152 sed
449 1087 490 1152 de
514 1085 616 1175 patris
638 1083 854 1153 interfectore
882 1096 1014 1152 tantum
1044 1063 1186 1157 sumen·⁴

153 1201 194 1266 da
216 1203 300 1268 ultio
323 1217 401 1270 eret.
443 1202 502 1268 Dii
527 1216 658 1290 antem,
682 1205 785 1270 modo
817 1226 860 1270 ne
885 1225 1037 1271 sororem
1070 1207 1185 1276 oonsi-

152 1317 280 1385 liorurn
299 1339 440 1386 suorum
465 1322 665 1409 participem
689 1319 829 1408 faceret,
853 1305 967 1388 omnia
990 1321 1074 1390 bene
1099 1349 1185 1410 pro-

155 1457 287 1505 cessura
334 1462 402 1507 esee
448 1439 681 1526 promiserant.
737 1439 832 1506 Nihil
860 1438 895 1504 in
930 1439 995 1506 hoo
1028 1423 1185 1528 eqriidem¹

152 1556 233 1624 mali
259 1569 317 1622 aut
339 1557 524 1622 admodum
550 1557 627 1622 duri
649 1555 755 1624 video
798 1556 901 1644 Nem,
921 1535 999 1622 licet
1017 1555 1183 1650 Electrae,

152 1697 255 1761 quam
292 1674 484 1762 quindecim
524 1693 584 1763 per
622 1693 828 1766 annosvnon
868 1672 1015 1762 vidisset,
1046 1699 1180 1744 summo

150 1794 341 1858 traheretur
374 1814 507 1861 amore:
529 1804 695 1875 tamena
726 1773 910 1862 Pammene
942 1789 1086 1880 sapienti
1124 1817 1184 1862 ve·

149 1910 355 1978 hementiem
391 1917 463 1981 eiua
486 1913 603 1979 doctus
632 1913 885 1998 incredibilem,
915 1909 1102 1997 intelligere
1120 1913 1184 1980 de-

152 2031 251 2097 bebat
290 2031 376 2098 bene
410 2031 497 2099 illud
528 2033 698 2100 monuisse
720 2035 820 2117 deos,
851 2052 961 2116 seque,
993 2028 1087 2099 brevi
1123 2032 1184 2097 ad·

153 2146 260 2214 hibita
289 2151 542 2238 moderatione,
567 2151 765 2237 certissime,
800 2169 1018 2236 quaecunque
1048 2149 1186 2238 ers'opte.¹

152 2279 203 2333 ret
231 2269 392 2350 maxime,
413 2291 482 2336 esse
513 2280 783 2335 consecuturum.
825 2267 899 2332 Neo
929 2288 1030 2354 vero,
1055 2268 1185 2356 egregie

152 2385 194 2450 ab
215 2385 288 2452 aliie
309 2387 443 2452 adiutus
465 2387 579 2451 amicis
604 2395 649 2472 a),
680 2384 801 2451 euxilii
824 2386 1006 2472 quicquam
1029 2384 1070 2451 ab
1087 2408 1184 2451 aoro-

153 2524 192 2570 re
213 2501 378 2590 sperabat,
399 2489 508 2590 neque
529 2503 627 2586 clare,
650 2504 678 2568 ei
701 2503 841 2566 deorum
867 2500 1063 2589 neglexisset
1084 2525 1184 2592 pree·

154 2632 261 2706 cepta,
284 2633 360 2686 tarn·
374 2641 502 2706 graves,
525 2619 639 2705 quales
662 2630 771 2708 postea
801 2619 842 2684 ab
865 2644 904 2686 eo
927 2633 1126 2702 sumuntur,
1150 2641 1185 2684 se

162 2738 321 2804 daturum
354 2757 423 2803 este
453 2759 597 2826 poenas,
630 2737 858 2825 praevidebat.
909 2743 1035 2823 ltaque,
1057 2733 1186 2802 etiamsi

66 2913 70 2922 ,
156 2857 330 2923 molestius
364 2854 485 2943 ferret,
522 2856 612 2943 quod
644 2879 713 2920 non
745 2858 854 2920 statim
887 2860 1001 2921 omnia
1032 2841 1207 2922 Electrae'

155 2987 267 3064 posset
288 2997 461 3042 enarrare:
484 2985 573 3039 certe
595 2997 663 3039 non
687 2984 777 3058 crat,
800 2977 892 3062 quod
915 2977 1012 3058 deos,
1036 2993 1186 3059 quornm

158 3093 270 3160 adbuc
290 3094 376 3160 nihil
397 3094 461 3160 nisi
482 3091 753 3160 benevolentiam
776 3106 808 3160 et
829 3093 1026 3182 sapientiam
1054 3115 1186 3182 cogno·

158 3315 183 3382 ι)
200 3318 342 3372 Collection
353 3321 491 3387 completae
506 3316 550 3368 dea
565 3316 680 3368 Oeovree
693 3314 725 3366 de
738 3311 789 3367 Me.
802 3313 834 3369 de
852 3349 861 3372 .
877 3351 887 3372 .
902 3348 911 3368 .
928 3348 936 3365 ·
964 3329 1027 3370 tom.
1042 3317 1078 3370 V·
1097 3333 1123 3382 p·
1138 3329 1188 3367 ποι

154 3447 180 3513 2)
196 3449 303 3516 Pylades
319 3453 358 3504 tt·
376 3451 516 3514 Orestem,
531 3463 607 3516 quam
629 3447 803 3512 intempestive
819 3449 944 3499 consolari
958 3465 1075 3498 sororem
1095 3448 1187 3512 cupiet,

154 3545 316 3586 commonet:

156 3613 215 3666 Aet·
229 3615 276 3666 111.
289 3615 331 3666 So.
345 3618 370 3668 3.
381 3617 491 3684 Pyladea

263 3697 331 3748 Cher
345 3698 449 3751 Oreste!
467 3695 640 3763 Cedis-moi,
657 3691 703 3746 des
720 3693 827 3745 lemmea
842 3704 866 3744 et
880 3689 925 3744 dee
940 3692 1025 3759 plenta

263 3778 307 3828 Du
317 3793 378 3846 eang
392 3779 596 3846 d'Agememooa
612 3791 669 3830 eont
683 3777 714 3827 de
726 3777 813 3828 laiblee
825 3793 957 3840 aengeure.

157 3872 184 3915 et
194 3857 253 3912 Aet}
267 3859 317 3914 tv.
334 3861 376 3912 Sc.
385 3879 407 3914 1.
424 3865 496 3928 Quae
510 3861 632 3913 eiusmodi
646 3857 897 3926 eont‚utpropeipae
914 3857 1042 3910 Voltarius
1057 3855 1186 3908 cavillatus

159 3960 214 3998 cete
232 3941 332 3996 Orestis
347 3947 386 3996 eoi
401 3949 516 4012 ineptum
530 3943 598 3998 latod
613 3939 767 3994 desiderium
785 3941 909 3995 videatur.

820 4040 880 4102 15*
