2902 4704
1136 297 1217 388 us

180 452 350 542 Thespide
360 449 520 518 narravit:
533 448 580 532 id,
590 449 804 516 coniunctum
820 465 898 514 curn
915 449 964 536 iis,
980 468 1066 538 quae
1082 439 1224 517 aniceto}

180 577 227 640 ris
246 586 278 640 et
291 570 497 660 argumentis
519 581 552 635 ct
563 569 760 635 testimoniis
773 568 976 654 efficiuntur,
990 590 1060 635 non
1074 567 1225 654 Phryni··

181 695 247 760 cho
256 693 396 758 demum
406 700 506 776 atque
515 688 699 776 Aeschylo,
710 687 768 754 sed
778 688 845 753 ianr
861 681 1031 775 Thespidi
1041 687 1128 754 illud
1137 689 1222 778 quid

185 808 242 876 inc
267 810 315 878 ad
332 797 533 876 Bacchum?
554 805 774 872 acclamatum
795 827 865 870 ease
885 803 988 870 nobis
1000 807 1217 894 persuadeat

284 977 343 1044 Ab
366 977 418 1044 his
436 979 562 1044 mirum
590 977 759 1065 quantum
781 985 869 1040 n'ova
889 971 1123 1056 Kanogiesscri
1146 999 1219 1043 sen·

184 1096 283 1163 tentia
301 1097 476 1183 abhorret,
499 1117 596 1183 quae,
618 1106 658 1159 ut
672 1087 849 1159 falsissima
870 1104 931 1173 est,
953 1091 999 1157 ita
1026 1093 1082 1160 val
1107 1117 1218 1184 prop·

184 1224 238 1279 ter
271 1216 372 1303 ipsius
410 1217 476 1284 viri
517 1213 771 1298 auctoritatem,
806 1211 862 1277 vel
894 1224 1034 1300 propter
1060 1213 1145 1300 loci,
1181 1200 1225 1278 in'

184 1353 251 1420 quo
277 1335 407 1421 nititur,
441 1334 663 1421 gravitatem,
687 1332 750 1396 sub
768 1353 909 1396 examen
942 1333 1129 1396 accuratius
1169 1344 1217 1398 est

156 1453 341 1526 'vocanda
385 1453 454 1518 Hic
477 1452 569 1516 enim
605 1453 660 1518 vir
684 1451 801 1515 doctus
823 1453 855 1532 ι)
888 1447 1115 1538 Thospidem,
1138 1460 1234 1518 cum‘

183 1569 364 1656 atiquando
376 1559 522 1634 chorum
545 1570 732 1656 accepisset,
753 1580 900 1642 actorem
918 1565 1093 1634 induxisse
1108 1591 1217 1638 unum

185 1685 280 1768 dicit,
311 1686 379 1774 qui,
404 1689 570 1754 seiunctus
600 1710 618 1753 a
646 1676 833 1774 choreutis,
864 1696 964 1750 cantu
989 1697 1021 1751 et
1040 1686 1223 1769 saltatione

187 1814 220 1868 et
258 1815 352 1868 motu
386 1805 469 1872 alius
500 1807 675 1876 cuiuslibet
709 1804 857 1872 hominis
894 1801 1218 1894 mores'agendiqus

157 2013 159 2019 Ι
187 1922 329 1990 modum
346 1923 476 1992 ludicre
499 1926 696 1992 imitaretur.
741 1925 797 1990 Ad
821 1922 1224 2021 quodconfirmandum,

185 2054 320 2131 praeter
350 2043 433 2110 alios
460 2046 570 2131 locos,
593 2057 651 2108 aut
679 2041 765 2108 nihil
790 2043 990 2131 probantes,
1014 2056 1072 2108 aut
1099 2045 1217 2110 detor-

185 2170 236 2226 tos
253 2163 431 2252 cupidius,
452 2163 542 2252 quod
563 2160 651 2228 infra
670 2162 996 2248 demonstrabimus,
1019 2185 1061 2228 ex
1081 2161 1217 2231 Plutar-

184 2279 238 2343 chi
266 2281 399 2347 Solonis
433 2257 501 2345 vita
530 2281 562 2370 a)
585 2281 704 2360 locum,
727 2279 845 2364 affert,
871 2268 1002 2367 quiem,
1038 2305 1107 2370 quo
1129 2282 1218 2348 ssci-

181 2397 248 2462 lius
274 2421 329 2466 res
358 2401 587 2488 perspiciatur,
615 2401 884 2485 humefactam,
925 2399 979 2464 hic
1003 2379 1217 2488 apponinius.

183 2517 270 2582 cum
298 2516 438 2602 Thespia
461 2516 539 2582 iam'
556 2521 773 2606 tragoediam
792 2529 954 2604 moueret,
984 2521 1096 2606 reique
1119 2523 1217 2593 naui-

183 2643 255 2698 tate
285 2634 402 2720 crulgus
433 2635 669 2726 delectaretur,
706 2643 913 2724 (quanquam
937 2637 986 2702 nd
1018 2642 1215 2706 certaminis

92 2772 95 2780 ’
187 2754 428 2819 contentionem
454 2755 600 2821 nondum
618 2779 673 2820 res
690 2766 801 2825 euecta
827 2763 935 2838 erat,)
962 2753 1059 2818 Solon
1082 2779 1215 2846 quoque,

182 2881 219 2936 ut
237 2883 361 2939 natura
391 2873 555 2939 audiendi
579 2862 805 2960 discendique
831 2881 904 2936 erat
936 2871 1093 2959 cupidus,
1116 2888 1213 2964 atque

169 2992 293 3075 ¹magis
308 2991 414 3056 etium
431 2993 469 3056 in
486 2993 649 3058 'senectute
668 2991 735 3058 otio
750 3003 781 3056 et
800 2987 888 3076 ludo,
910 2988 992 3077 quin
1011 2993 1115 3058 etiam
1137 2967 1213 3064 con·

183 3110 285 3180 uiuiis
312 3121 346 3172 et
373 3109 509 3175 musicis
538 3133 572 3176 se
601 3111 758 3198 dedebat,
799 3109 959 3200 spectavit
998 3109 1212 3202 ffirespidem,

180 3227 291 3318 ipsum
314 3241 494 3314 agentem,
527 3241 563 3293 ut
588 3253 658 3298 ntes
678 3241 757 3296 erat
775 3241 931 3301 ueterum.
976 3231 1054 3296 Post
1077 3245 1228 3324 specta-—

182 3345 295 3414 culum
327 3368 402 3415 uero
422 3347 644 3434 'interrogovit
667 3370 762 3433 eum,
793 3373 903 3416 annon
920 3351 1059 3438 puderet
1089 3355 1213 3441 ipsum,

184 3484 299 3548 coram
324 3475 370 3530 tot
395 3465 608 3549 hominibus,
637 3465 723 3532 talia
740 3449 907 3562 fingere?
929 3469 989 3537 Ad
1026 3471 1114 3560 quod
1135 3453 1216 3535 oum'

186 3582 399 3666 respondisset
424 3583 589 3673 Thespis,
610 3581 701 3652 nihil
729 3587 814 3654 mali
844 3609 910 3656 esse
932 3608 994 3676 per
1017 3589 1134 3656 iudum
1161 3600 1212 3655 tn·

186 3780 213 3850 ²)
245 3783 264 3834 ¹·
279 3785 299 3834 l·
321 3803 348 3852 p·
360 3789 402 3842 40.
419 3805 476 3857 sqq.

185 3915 439 3988 duma&
