2876 4704
206 270 302 358 λ68

247 469 342 534 ιιιιιι,
366 441 444 532 qui,
465 457 544 506 cum
576 405 828 502 saltationesfct
854 439 969 496 cantus
996 427 1157 516 quosdam
1178 438 1278 513 atque

136 544 148 556 .
216 591 220 606 ¹
249 568 349 636 ludos
373 558 485 630 rarior
515 567 604 624 recta
638 550 847 636 ¹rusticorum
878 547 1022 614 laetitiae
1044 546 1189 632 tribuat,
1219 547 1277 610 di-

251 681 451 776 thyrambos
475 688 507 742 et
532 669 716 758 tragoedias
740 679 823 731 tunc
849 667 986 732 demum
1013 665 1109 731 nobis
1138 685 1279 752 peetus·

249 805 342 874 debit
370 793 580 866 evinolenta
607 787 744 853 rudium
769 783 950 850 hominum
985 783 1184 865 exsultantia
1211 803 1280 848 essa

250 938 360 1007 ortas,
390 931 539 982 rumex
567 905 686 972 eodem
717 901 814 968 fonte
850 901 1016 966 iurorem¹
1034 923 1172 989 quoque
1193 899 1279 965 Bac*

251 1044 386 1111 ohicum
411 1033 511 1098 illum
538 1038 574 1093 et
601 1043 747 1112 pompas
779 1030 812 1084 et
828 1013 1084 1105 phallos‘atq'ue
1111 1021 1145 1085 id
1174 1039 1279 1105 genus

249 1163 313 1231 alia
350 1149 499 1251 proiecte
525 1167 593 1212 esse
619 1119 907 1208 demonstraverit.
961 1135 1026 1202 ssd
1056 1137 1155 1220 haec,
1178 1137 1282 1224 quip-

249 1299 293 1369 pe
330 1293 400 1342 non
432 1269 473 1336 ad
507 1266 619 1332 solum
648 1259 818 1326 Bacchum
851 1255 1074 1346 pertinentia,
1097 1254 1156 1320 sed
1181 1255 1282 1322 etiam

249 1406 331 1467 cum
355 1389 504 1458 aliorum
530 1379 674 1451 deorum
692 1379 872 1446 coniuncta
902 1375 1013 1457 sacris,
1034 1384 1125 1438 certo
1151 1395 1221 1438 non
1238 1373 1283 1444 ad

126 1539 129 1546 ·
247 1513 515 1612 compotationes
558 1502 717 1592 rusticas,
750 1517 873 1564 verum
910 1493 954 1560 ad
984 1490 1160 1580 religiones
1190 1491 1283 1578 pris-

249 1659 317 1702 cas
333 1644 366 1700 et
393 1627 579 1696 sacerdotes
615 1618 803 1688 revocanda
834 1627 930 1698 sunt,
961 1633 1077 1677 rerum
1115 1611 1285 1676 humana-

248 1777 326 1823 rum
362 1748 627 1832 divinarumque
667 1751 821 1804 auctores
853 1745 885 1800 et
921 1731 1150 1798 moderatores
1189 1729 1285 1802 ιιιιῑῐ--Ι

276 1869 438 1952 nissimas.

250 1889 273 1961 q
287 1983 533 2072 Namque,
555 1982 594 2037 ut
611 1968 711 2036 rudes
732 1964 905 2072 homines,
927 1983 945 2027 a
965 1958 1058 2026 cultu
1085 1959 1178 2024 omni
1200 1957 1284 2025 alie

253 2061 310 2190 ni,
332 2098 495 2188 gaudium
521 2079 759 2190 moeroremve
788 2105 901 2190 suqm
914 2077 1197 2154 exclamationum
1222 2097 1284 2148 seu

231 2225 414 2293 'laetarum
435 2235 495 2279 sau
521 2183 668 2276 tristium
689 2211 725 2290 r)
751 2201 911 2270 varietate
931 2210 964 2264 et
982 2194 1237 2264 vehementia'
1211 2217 1280 2280 arg-

254 2342 409 2432 nifiqent:
440 2329 598 2420 poeseos,
630 2335 809 2410 antequam
834 2319 887 2386 dei
913 2317 1024 2406 aliqua
1055 2325 1127 2382 orta
1169 2313 1286 2400 cogni·

252 2463 301 2529 tio
325 2465 430 2540 esset,
452 2451 605 2516 inventae
633 2440 829 2530 exemplum
853 2435 994 2536 reperiri
1023 2433 1177 2501 nullum
1175 2447 1283 2522 puto.

177 2628 179 2643 r
255 2580 341 2660 Sed,
363 2593 443 2640 cunr
468 2567 620 2660 primum
648 2563 815 2629 exsistunt
847 2556 884 2626 iu
902 2555 980 2624 rudi
1003 2565 1101 2640 gente
1118 2552 1285 2638 homines,

256 2695 392 2786 ingenio
417 2704 450 2758 et
484 2688 564 2754 artis
589 2705 686 2750 sensu
713 2679 860 2768 quodam
889 2673 1108 2758 excellentes,
1130 2671 1191 2760 qui
1217 2695 1289 2738 uon

257 2817 328 2906 regi
354 2833 448 2904 posse
471 2805 599 2874 seroces
627 2802 758 2870 animos
780 2785 996 2881 intelligunt,
1018 2791 1081 2856 nisi
1105 2790 1210 2856 divini
1229 2811 1289 2855 nu

257 2935 358 3009 minis
379 2930 473 2996 iniis
497 2923 670 2991 veneratio
687 2917 900 2985 instituatur:
922 2908 1033 2976 statiin
1061 2919 1093 2976 et
1112 2907 1290 2997 religiones

263 3052 428 3144 quaedam
455 3042 689 3123 inveniuntur,
718 3046 751 3104 et
768 3033 883 3120 lingua
908 3026 1050 3094 deorum
1071 3025 1114 3092 ed
1143 3025 1291 3092 honores

259 3166 477 3242 celebrandos
507 3162 554 3228 ita
570 3156 693 3224 sensim
719 3151 842 3218 colitur
867 3159 900 3213 et
938 3145 1131 3233 adaugetur,
1153 3156 1191 3210 ut
1213 3147 1293 3235 poe·

260 3294 304 3362 ais
325 3286 501 3380 quaedum,
523 3291 684 3377 tauquam
709 3292 770 3338 sua
795 3277 916 3356 sponte
945 3273 1129 3330 enascatur.
1154 3260 1189 3352 a)
1227 3259 1293 3328 lta·

265 3433 331 3504 que
358 3399 609 3494 antiquissima,
631 3389 722 3480 quod
755 3385 912 3453 convenit
937 3383 1025 3450 inter
1051 3401 1167 3452 omnes
1192 3391 1294 3470 atque

265 3533 366 3599 etiam
402 3524 451 3593 ab
480 3511 664 3594 Aristotele
702 3505 909 3588 declaratur,
947 3493 1070 3588 lyrica
1083 3499 1190 3587 poesis
1224 3513 1298 3588 est,

264 3737 289 3802 a)
323 3736 357 3790 ci.
373 3727 542 3798 Theophane
559 3723 592 3774 de
616 3718 713 3772 musica
727 3711 795 3782 apud
812 3708 939 3762 Plutarch.
955 3705 1085 3776 Symul.
1102 3703 1127 3758 5.

264 3869 292 3938 al
325 3869 359 3920 cd
375 3865 408 3918 de
427 3864 466 3914 his
492 3857 572 3911 multa
589 3853 731 3922 aptissime,
748 3848 796 3899 alia
812 3839 1123 3906 couiualuadiaputrntem
1138 3775 1183 3890 Pi.
1202 3825 1298 3898 totle,

263 3949 404 4024 geliumrn
423 3942 519 3999 Gesch.
536 3931 715 3996 d.Poesiad.
732 3927 972 3990 Gr.u.1toem.p.
990 3939 1106 3992 29.rqq.
