2894 4700
250 279 330 390 294

352 454 455 536 Quod
477 477 545 544 quo
568 451 690 521 elarius
712 453 956 544 perspiuiatur,v
970 519 973 524 ,
988 447 1141 540 primum
1175 451 1217 518 de
1239 449 1280 517 iis

247 593 428 660 exponam,
453 573 749 662 inquibusfpoeta
767 560 1106 638 admirabilem‘illius
1122 573 1187 636 viri
1204 591 1282 635 con·

246 691 404 758 stantiam
432 690 615 778 expressim
638 690 759 758 dein'de
783 683 863 756 vero
886 689 1067 756 (letarum
1089 689 1281 758 divinarum

247 808 284 876 lu
306 808 368 876 har
391 809 659 892 fabularetione
679 810 801 878 diuam.
871 817 874 826 “
1149 791 1152 798 ’

235 965 242 984 ’
351 963 466 1056 Atque
491 961 697 1031 Philocteteo
721 972 853 1049 praeter
874 959 1078 1046 Sophoclem
1095 959 1132 1025 in
1148 933 1281 1025 scenam

248 1077 460 1170 Aeschylum
486 1093 518 1146 et
536 1081 736 1175 Euripidem
765 1063 905 1146 constat¹
920 1080 1140 1166 produxisse,
1174 1079 1282 1144 ratio-

246 1217 309 1283 ne,
333 1197 423 1282 quod
448 1221 491 1268 ex
524 1197 646 1267 Dionis
677 1196 912 1288 chrysostomi
938 1199 1062 1263 harum
1087 1196 1284 1277 tabularum

246 1295 698 1406 comparatione'discimus,
723 1321 763 1386 ab
785 1316 971 1408 Sophoclea
997 1315 1032 1380 in
1051 1315 1206 1403 pluribus
1225 1315 1284 1379 di-

246 1453 341 1500 versa
362 1435 403 1518 t).
427 1435 621 1556 Lx'quibus
639 1439 680 1505 ad
704 1461 762 1504 nos
777 1419 954 1526 praecipue
970 1435 1004 1500 id
1020 1435 1174 1522 pertinet,
1185 1431 1282 1520 quod

244 1549 413 1618 (horum
418 1543 465 1625 llli
484 1568 526 1624 eir
551 1547 721 1624 Lemniis
733 1559 1004 1642 composuerant,
1028 1554 1141 1642 quiin
1165 1562 1283 1617 nostra

248 1658 380 1737 fabula
383 1695 426 1738 ex
444 1677 552 1742 nautis
578 1673 725 1763 constat,
734 1675 826 1740 'cum
853 1671 977 1761 Ulysse
1005 1681 1039 1736 et
1054 1669 1283 1759 Neoptolemo

220 1784 421 1861 [Lemnum
440 1771 609 1879 profertis.
643 1794 893 1858 Gravissimum
917 1791 982 1853 hoc
998 1787 1178 1856 habemus:
1203 1809 1283 1853 nam

248 1927 328 1970 oum
355 1909 479 1994 omnia,
504 1911 763 2002 quibuscunque
788 1909 984 1994 afficiamur,
1005 1904 1094 1972 mala
1111 1906 1283 1993 singulare

250 2021 419 2108 quoddam
435 2049 478 2096 ex
496 2001 664 2095 bonorum
682 2027 862 2093 hominum
885 2025 1002 2090 solatio
1020 2035 1052 2088 et
1069 2022 1285 2090 miseratione

237 2139 470 2208 'lenimentum
483 2140 638 2234 capiant:
663 2145 848 2236 Sophocles
868 2123 1067 2210 Philoctetae
1096 2127 1285 2209 infelicitati
1367 2172 1370 2176 ·

247 2274 288 2323 eo
317 2255 499 2333 'cumulans
521 2249 668 2350 addidit,
693 2266 784 2352 quod
805 2253 949 2330 insulam
976 2261 1072 2328 illam
1099 2259 1284 2328 desertissi-

249 2380 341 2448 ma'm
363 2391 394 2444 et
409 2373 560 2452 maxime
581 2385 816 2474 inhospitalem
840 2383 937 2450 linxit
953 2389 1003 2466 a).
1027 2381 1199 2448 Praeterea
1217 2401 1285 2455 au-

248 2493 324 2564 tent
337 2495 538 2570 Philoctetae
550 2505 645 2574 exilii
664 2505 764 2592 itlius,
776 2525 857 2592 quas
874 2504 942 2569 iam
960 2521 1085 2584 novem
1105 2522 1210 2564 annos
1226 2485 1285 2565 to'-

239 2613 387 2706 letavit,
410 2603 562 2690 miseriae
588 2626 738 2710 primum
765 2621 902 2712 quidem
928 2619 1076 2707 graviter
1093 2619 1286 2685 narratione

250 2734 504 2836 describuntur,
530 2743 652 2814 deiude
682 2764 761 2810 vero
786 2739 856 2828 ipse
883 2740 938 2805 vir
960 2737 1189 2803 infortunatus
1207 2751 1287 2806 ante

250 2855 366 2922 oeulos
388 2831 521 2928 nostros
541 2863 745 2926 morbosae
766 2870 857 2924 tanta
880 2881 955 2923 oum
977 2855 1188 2922 vehementia
1210 2878 1289 2921 cor-

250 2969 387 3061 ripitur,
397 2987 435 3042 ut
446 2979 655 3068 aliquamdiu
672 2999 773 3044 sensu
792 2968 887 3072 omhi
904 2997 1018 3041 cerens
1034 2985 1066 3039 et
1083 2973 1178 3062 quasi
1196 2995 1288 3039 mor·

253 3099 331 3154 tuus
349 3093 386 3158 iu
403 3095 627 3190 soenaieeeqt.
649 3095 760 3163 Nemo
779 3108 840 3180 est,
851 3077 910 3181 qai
928 3095 961 3157 in
981 3093 1034 3157 his
1048 3113 1118 3158 non
1135 3091 1289 3178 eandem,

253 3224 320 3296 qua
353 3209 600 3300 Neoptolemus
636 3214 812 3298 turbatur,
851 3212 1104 3300 miserationem
1149 3206 1290 3297 sentiam

252 3335 343 3395 tanta
365 3329 456 3398 enim
474 3330 681 3404 Philoctetae
693 3331 787 3428 ,mala
812 3343 904 3418 sunt²
925 3343 974 3420 ut,
1002 3327 1130 3396 etiamsi
1152 3327 1290 3413 ignotus

253 3530 278 3600 ¹)
295 3533 327 3584 of.
345 3532 506 3594 Valelaauirli
518 3537 591 3596 distr.
606 3559 633 3608 p.
647 3542 704 3595 nl.
716 3558 773 3608 sqq.
788 3555 814 3595 et
830 3537 945 3594 Hmelh.
960 3553 985 3602 μ
1002 3531 1059 3585 rfio.
1079 3549 1135 3602 sqq.
1157 3533 1222 3588 mihi
1239 3541 1290 3588 rei

251 3616 351 3686 1⁰¹t⁸0
368 3620 438 3676 Dwu
463 3623 658 3697 chunorum·
679 3642 748 3682 nune
770 3643 823 3678 uon
842 3623 875 3678 ad
893 3635 1000 3678 manum
1017 3628 1080 3670 erat.

205 3761 208 3768 ¹
253 3755 455 3822 ²)1d0uou
482 3775 529 3814 auo
558 3770 648 3832 poeta
670 3773 722 3825 quo
744 3758 832 3808 minua
859 3762 1006 3824 quenquam
1032 3742 1159 3820 lugeret,
1172 3749 1291 3817 pluribus

253 3843 355 3895 locist
334 3841 491 3907 siigufioavit
524 3841 866 3910 lurptolabmitiom.
889 3829 1291 3904 etr72.183.221.280.469.

247 3931 293 3990 eq·
317 3925 377 3979 486
398 3924 455 3980 685.
474 3941 532 3995 sqq
