2902 4704
260 287 336 378 ¹9²

255 441 371 532 'grevia
388 439 557 520 malornm
578 437 698 524 ultrix,
718 436 890 504 bonorum
912 441 1066 522 patrona,
1087 423 1290 494 moderatio·

254 563 316 634 nie
337 560 442 646 iustae
463 570 497 626 et
523 558 703 646 sapientiae
728 554 897 644 magistra.
945 548 1062 617 Aiacis
1087 559 1197 612 antem
1228 543 1288 609 vi·

255 681 343 752 tium
368 679 417 746 aio
446 678 545 755 nobis
574 689 651 744 ante
677 675 792 765 paulos
815 673 973 762 ponitur,
1003 679 1043 734 ut
1066 667 1184 734 saltem
1217 686 1288 732 nou
1336 675 1340 683 '

253 799 372 886 inique
413 819 493 866 eum
533 798 693 893 punitum
738 815 808 864 esse
854 789 1116 876 intelligamus,
1139 785 1289 873 itemque

254 915 407 1006 Ulyasis‚
439 939 540 1004 quem
577 915 797 986 acerbissimis
834 912 911 997 ille,
941 919 981 974 ut
1009 906 1195 997 pessimum
1222 903 1288 970 bo-

253 1038 403 1124 minem,
426 1035 590 1112 conviciis
608 1035 841 1125 prosequitur,
863 1052 939 1098 earn
968 1039 1067 1118 poeta
1089 1023 1286 1092 humanita-

253 1169 325 1231 tem
353 1157 510 1244 ostendit,
532 1167 570 1224 nt
588 1133 623 1224 in
650 1155 716 1220 hoe
741 1147 887 1241 qusque,
909 1149 1001 1216 unde
1025 1156 1115 1214 tanta
1139 1145 1176 1209 in
1195 1141 1285 1208 Aia·

253 1297 328 1358 pem
361 1277 439 1345 odia
469 1289 502 1344 et
532 1274 622 1344 mala
651 1285 770 1344 exorta
801 1270 887 1357 sint,
912 1267 1002 1334 clare
1035 1245 1288 1352 perspiciamus.¹

254 1395 367 1466 Simul
389 1417 473 1462 vero
495 1396 532 1462 in
559 1395 624 1462 hee
645 1393 808 1477 exordio,
830 1405 1049 1478 quaeeunque
1073 1383 1116 1452 de
1139 1381 1202 1447 bac
1229 1377 1285 1444 fa-

250 1513 332 1582 bula
355 1517 516 1584 intererat
536 1515 631 1604 scire,
654 1525 733 1604 apte
751 1512 942 1583 edocemur.
1000 1503 1092 1573 Nam
1126 1498 1282 1578 Aiacem,

250 1632 352 1704 armis
370 1634 536 1704 Achilleis
554 1635 764 1708 Graecorum
778 1630 902 1699 iudicio
922 1647 994 1694 non
1007 1621 1083 1715 ipsi,
1102 1620 1158 1688 sed
1175 1615 1284 1704 Ulys-

250 1756 279 1822 ai
300 1755 447 1838 tributis,
464 1767 559 1824 tanto
580 1765 776 1842 correptum
793 1772 862 1823 esse
885 1747 1003 1816 furore
1019 1742 1222 1830 accipimus,
1243 1743 1284 1810 ut

249 1884 347 1940 nocte
368 1889 416 1961 ea,
440 1897 524 1966 quae
539 1875 626 1940 beno
647 1869 819 1940 antecessit
833 1866 994 1951 fabulam,
1012 1859 1149 1930 Atridas
1173 1852 1285 1923 Grae·

250 2013 441 2082 torumque
478 1995 579 2060 dneea
612 2014 730 2061 omnes
770 1986 871 2058 vellet
908 1983 1080 2066 occidere,
1121 1974 1283 2042 Minerua

144 2121 146 2124 ’
252 2125 365 2180 antem
392 2113 488 2204 impii
510 2114 577 2178 viri
601 2113 647 2176 ita
670 2121 819 2202 mentem
849 2099 1082 2196 perturbavit,
1112 2107 1151 2160 ut
1188 2112 1285 2160 erres

252 2253 291 2298 re
316 2232 409 2323 turpi
432 2255 496 2320 pro
521 2231 587 2297 illis
612 2231 712 2298 boves
735 2241 767 2295 et
795 2225 912 2297 arietes
933 2219 1149 2288 interimeret.
1172 2205 1284 2276 Deni-

254 2334 424 2439 querere
454 2351 514 2416 dea
533 2319 679 2440 imperat
704 2339 840 2438 Ulyssi,
862 2354 900 2410 ut
924 2317 1039 2409 Aiacis
1062 2347 1095 2401 et
1118 2329 1283 2399 insaniam

251 2478 284 2536 tt
308 2465 443 2538 insidias
467 2469 630 2538 exercitui
650 2467 752 2537 factas
777 2463 912 2535 Graecis
934 2443 1104 2528 renuntiet
1128 2453 1172 2540 1).

358 2637 585 2710 Gravissimae
605 2689 608 2697 .
627 2633 691 2707 bae
714 2649 809 2709 erant
838 2633 950 2702 Aiacis
979 2625 1199 2705 calamitates,
1216 2637 1285 2692 ‚nee

252 2764 367 2843 tamen
397 2783 472 2828 eam
512 2760 584 2826 vim
627 2757 812 2841 habebant,
840 2766 883 2847 ut
917 2751 1035 2836 utique
1066 2743 1107 2809 ad
1138 2750 1285 2806 mortem

254 2901 335 2948 eum
369 2877 619 2974 compellerent.
670 2859 861 2962 ‘Sophocles
895 2870 1007 2954 enim,
1046 2883 1124 2928 cum
1158 2858 1286 2944 ubique

254 2997 532 3083 deuaimpietati‘s
560 2996 685 3061 ultores
705 3013 840 3059 severos
861 2989 980 3071 faeiat,
1003 2995 1117 3053 tamen
1148 2976 1286 3044 eosdem

256 3115 436 3187 beneroles
463 3111 578 3201 generi
605 3112 755 3180 bumana
778 3119 811 3176 at
832 3101 1010 3199 placabiles
1039 3120 1108 3168 esse
1137 3095 1287 3162 demon-

256 3247 348 3320 strat,
375 3255 521 3322 nosque,
543 3231 646 3300 mato
669 3251 788 3297 eorum
810 3240 844 3295 et
860 3239 999 3294 naturae
1019 3217 1167 3303 legibus,
1198 3231 1292 3296 quae

257 3355 441 3440 debentur,
463 3353 665 3437 tribuemus,
689 3348 789 3420 facile
809 3347 852 3417 ab
887 3347 927 3415 iis
958 3336 1195 3428 impunitatem
1229 3325 1284 3396 ai·

255 3476 353 3566 sequi
384 3485 418 3542 et
442 3471 636 3542 felicitatem
663 3473 767 3539 donet.
810 3467 928 3554 Itaque
957 3461 1179 3543 hio.quoque
1208 3449 1284 3514 Mi-

256 3617 362 3666 nerua
385 3594 528 3663 Aiacem
561 3591 683 3681 punire
725 3588 861 3677 quidem
898 3593 932 3648 et
961 3574 1058 3664 quasi
1097 3571 1292 3660 reprimere,
1338 3647 1345 3657 ,

256 3717 293 3794 ia
336 3717 502 3784 humanae
539 3724 677 3778 naturae
719 3707 803 3775 fines
845 3696 993 3774 studuit,
1038 3693 1181 3786 perdere
1216 3711 1285 3758 ner·¹

256 3937 281 4005 a)
298 3951 325 3990 v·
336 3931 379 4000 67·
393 3929 426 3987 sl.
441 3927 496 3984 148.
510 3937 565 3994 sqq·

1215 3989 1281 4059 luit
