2876 4704
259 279 313 370 56

259 399 446 546 (iyelopeni
471 431 629 520 nonnulli
655 448 803 516 fabulam
831 449 993 518 scenicam
1012 452 1214 542 habuerunt,
1236 477 1281 523 ar·

254 583 416 666 gemente
439 570 580 638 'infirme
611 567 727 635 omnis
752 581 792 636 et'
817 572 946 638 nullius
978 576 1142 642 momenti
1189 589 1280 644 gunt:

168 765 176 780 ,
254 699 300 768 ita
317 715 360 762 ne
376 691 476 760 huius
490 687 625 776 quidem
645 681 854 752 narrationis
867 711 905 754 ea
916 693 965 757 vis
981 704 1041 782 est,
1054 694 1187 766 utillud
1205 717 1283 787 poe·

255 838 311 884 me
336 835 406 880 non
432 807 535 875 fnisse
551 802 811 893 dithyrambum
836 810 1047 896 comprobet.

359 961 493 1030 Etenim
521 957 589 1025 iam
620 957 776 1024 Protinae
804 967 931 1044 estete,
958 959 991 1047 ι)
1013 963 1070 1038 vel
1097 971 1199 1036 etiam
1227 990 1284 1035 en.

254 1101 328 1170 tes,
350 1080 493 1146 mutatio
512 1066 558 1144 'in
580 1075 646 1143 hoc
666 1098 802 1163 poeseos
831 1097 952 1162 genere
970 1065 1120 1149 maxima
1137 1109 1179 1152 eo
1203 1087 1286 1154 faeta

256 1215 347 1285 erat,
369 1197 459 1286 quod
489 1220 583 1278 non,
611 1194 710 1261 sicuti
744 1195 861 1279 initio,
881 1192 981 1260 liberi
1017 1197 1191 1289 homines,
1231 1209 1286 1272 sed

253 1317 407 1390 mercede
441 1314 599 1383 conducti
635 1314 870 1402 dithyrambos
898 1313 1081 1414 canebant·
1113 1317 1162 1383 Hi
1187 1321 1286 1409 enim,

251 1463 330 1507 oum
353 1435 497 1504 seltendi
519 1433 599 1533 erlis
622 1445 729 1498 essent
746 1433 854 1498 multo
885 1433 950 1499 illis
968 1433 1163 1523 peritiores:
1184 1438 1284 1502 etiam

252 1557 361 1656 poetis
377 1554 445 1622 iam
465 1555 589 1622 audere
608 1552 706 1643 plura
725 1563 757 1615 et
774 1549 960 1619 difficiliore
976 1551 1106 1624 licebat.
1126 1551 1190 1621 'Ex
1208 1553 1284 1642 qui·

250 1678 385 1745 bns-ed
411 1696 472 1744 nos
499 1674 535 1743 id
568 1673 717 1740 maxime
744 1672 910 1758 pertinet,
939 1677 1031 1762 quod
1056 1688 1135 1742 tunc
1164 1678 1200 1743 in
1233 1674 1299 1741 ‹li-⁴
1405 1657 1408 1668 ’

248 1797 439 1887 thyramhis
458 1791 701 1877 antistrophua,
724 1798 762 1886 nt
778 1787 901 1874 quibus
931 1795 1111 1878 praecipue
1142 1793 1285 1882 imperi.

251 1898 356 2008 tiores
372 1911 422 1976 illi
442 1910 522 1976 entis
539 1907 642 1971 adiuti
667 1903 819 1992 fuissent,
841 1905 1038 1994 omiserunt,
1062 1930 1184 1996 eosque
1212 1934 1286 1974 ma·

230 2034 299 2120 ¹gis
314 2026 511 2124 'mimetilus
532 2025 694 2092 fecerunt.
718 2025 753 2115 s)
798 2023 870 2090 Nec
892 2046 971 2090 vero
994 2046 1054 2111 ego
1080 2049 1137 2091 eos
1160 2027 1286 2091 mime-

250 2151 338 2218 titos
360 2146 424 2212 dici
447 2143 670 2232 „angustiore
691 2143 751 2208 illo
773 2142 955 2229 significatu
973 2142 1185 2227 crediderim,
1208 2145 1285 2232 qnia
1388 2205 1390 2210 .

252 2267 381 2378 ectoree
398 2264 582 2330 induebant
597 2261 785 2327 liberorum
805 2259 984 2326 hominum
1004 2259 1196 2350 personos‚”
1217 2265 1287 2348 sed,

250 2366 326 2457 tuin
355 2358 593 2472 exemplorum
618 2381 737 2446 ductus
764 2365 979 2462 auctoritate,
1008 2395 1081 2448 tum
1104 2379 1209 2472 ipsius
1238 2383 1314 2448 rei'

252 2523 409 2607 naturam
443 2501 674 2586 considerans,
707 2499 753 2565 ita
782 2497 838 2565 hic
871 2498 1107 2588 dithyrambos
1144 2501 1210 2567 dici
1244 2503 1287 2569 ad

253 2599 476 2696 imitationem
497 2619 661 2686 formatos
682 2630 783 2708 puto,
805 2629 844 2685 ut
868 2617 1022 2686 eodem
1011 2643 1048 2687 ιιι
1073 2619 1147 2686 loco
1170 2603 1289 2710 philo·

256 2747 383 2840 sophus
401 2743 576 2808 chorentes
595 2740 707 2804 minus
723 2738 869 2823 imitari,
893 2761 995 2826 quem
1017 2737 1054 2803 in
1077 2761 1174 2804 sceno
1191 2753 1289 2804 acto-

258 2891 332 2935 rem
362 2871 538 2929 memoret.
569 2859 728 2948 Namque
756 2859 854 2925 initio
872 2859 1031 2943 quidem,
1054 2855 1117 2922 nisi
1144 2859 1290 2924 univer-

254 3009 310 3054 sus
340 2984 483 3070 chorus,
505 2989 665 3062 atcerte,
698 2975 756 3062 qui
783 2986 893 3062 partes
923 2974 994 3040 eius
1019 2976 1296 3064 componebant,'
1340 2959 1342 2962 ⁵
1386 2952 1392 2988 Ἰ

150 3179 153 3182 ,
252 3077 415 3198 pleraque
449 3121 566 3168 omnes
599 3093 754 3162 cecinisse
797 3113 864 3156 une
901 3091 1078 3178 videntur,
1117 3095 1159 3162 od
1184 3087 1291 3183 idqu'e

254 3223 471 3328 potissimum
497 3213 726 3300 antistrophae
759 3213 915 3277 inventae
940 3218 1056 3298 erent3
1087 3225 1200 3300 postea
1223 3239 1293 3280 ve-

256 3367 309 3431 ro,
330 3366 408 3410 cum
438 3323 537 3407 liberi
560 3333 718 3402 homines
749 3326 1035 3426 mercenariorum
1069 3332 1187 3397 studiis
1211 3355 1292 3400 rem

260 3483 398 3529 omnem
424 3456 654 3545 reliquissent:
676 3473 695 3518 e
719 3448 874 3562 novitate
897 3447 1039 3534 gratiam
1070 3447 1135 3512 orti
1160 3449 1291 3516 edmis·

204 3575 212 3582 ⁶
256 3596 366 3650 centes
407 3591 544 3670 poetae,
584 3584 701 3641 centus
745 3567 810 3649 ita,
833 3574 871 3632 ut
912 3566 1065 3650 videtur,
1102 3567 1208 3655 tnagis
1246 3569 1295 3636 ad

259 3791 286 3858 ι)
321 3789 413 3844 Athen.
424 3783 515 3854 δαίμ.
530 3803 556 3852 p.
568 3783 629 3848 617.

256 3927 283 3984 al
316 3921 424 3978 Αιὶιιοι.
438 3919 565 3989 probinus.¹
583 3910 661 3966 xlx.
678 3909 718 3962 ιδ.
734 3908 768 3962 cl.
782 3907 921 3964 Hermann.
937 3905 971 3962 ed
984 3902 1062 3960 Arist.
1078 3919 1147 3975 pest·
1162 3907 1183 3963 1.
1195 3927 1220 3964 s.
