2876 4704
205 318 1239 411 *sssssssssslsssslsslssssssssll‘lssssti**ssssssssssssssssssll‘ffllklssssl‘*

388 670 1051 866 tuerent

332 1149 339 1156 -
433 1095 995 1180 SALUTEM.

192 1325 276 1459 Da
300 1383 449 1452 Graecae
474 1397 506 1449 et
521 1381 697 1452 Romanae
714 1379 933 1470 Antiquitatir
949 1367 1005 1446 vol
1021 1397 1232 1446 monumen·

136 1561 138 1566 .
193 1513 312 1571 torum
340 1501 562 1586 praestantia,
584 1501 641 1564 vol
664 1521 743 1562 cum
765 1499 1005 1564 recentioribus
1028 1498 1131 1564 litaria
1145 1497 1231 1564 arti·

193 1619 328 1704 buaque
345 1615 582 1682 coniunctione
604 1613 783 1700 multiplici
799 1625 833 1680 et
848 1614 1042 1698 gravissima
1068 1625 1135 1680 tam
1152 1637 1230 1682 con·

198 1742 288 1800 alano
308 1719 373 1798 fuit
390 1731 545 1798 omnium
567 1729 780 1796 saeculorum
797 1728 974 1816 iudicium,
998 1740 1034 1794 at
1054 1726 1135 1817 fera,
1162 1755 1229 1820 quo

198 1851 337 1938 quiaque
354 1863 386 1917 et
401 1851 444 1916 ab
462 1849 596 1937 ingenio
619 1848 794 1916 liberalior
810 1859 899 1934 crat,
923 1859 956 1913 ct
972 1848 1013 1914 ab
1032 1850 1229 1920 eruditionis

191 1971 354 2056 elegantia
378 1967 592 2062 instructior:
615 1991 654 2036 ao
675 1969 716 2036 ad
733 1981 914 2055 utramque
931 1965 1044 2054 illam,
1066 1971 1094 2036 ai
1112 1971 1227 2038 minua

181 2077 445 2167 illustrandam,
469 2099 502 2153 at
528 2101 614 2154 certe
648 2087 925 2175 cognoscendam
943 2089 1093 2154 studium
1128 2093 1227 2159 adhi-

190 2206 283 2274 beret
306 2206 487 2274 ardentius.
532 2207 637 2274 Sicuti
664 2229 745 2275 vero
772 2207 904 2272 nullam
933 2209 1092 2276 novimus
1117 2221 1225 2278 artem
1294 2283 1296 2292 ,

94 2405 102 2414 ,
189 2337 248 2396 aut
278 2325 489 2412 doctrinam,
512 2326 548 2390 in
569 2349 643 2413 xqua
672 2347 806 2413 semper
837 2324 954 2392 eodem
980 2327 1083 2396 modo
1111 2326 1226 2395 homi·

188 2467 272 2514 num
290 2455 420 2512 versata
445 2444 487 2508 sit
504 2444 686 2511 industria:
709 2445 752 2528 ita
769 2442 868 2508 etiam
887 2463 953 2530 eos,
977 2445 1036 2532 qui
1059 2443 1225 2534 Antiqui·

177 2563 408 2656 xtati‘operam
431 2573 611 2646 naverunt,
634 2562 705 2638 aliie
730 2561 939 2650 temporibus
963 2563 1066 2630 aliam
1093 2578 1225 2634 secutor

188 2704 258 2754 atae
278 2683 448 2750 'rationem
473 2681 637 2746 videmus.
680 2679 769 2742 Nom
789 2689 863 2764 post
888 2693 1018 2748 renatas
1035 2683 1146 2750 literae
1162 2682 1223 2752 ditt

190 2814 344 2873 veterum
367 2802 492 2891 scripta
526 2817 566 2864 eo
590 2796 803 2886 potissimum
826 2794 980 2882 legebant
1008 2800 1160 2889 consilio,
1182 2815 1223 2870 ut

188 2942 307 2990 acrum
334 2919 376 2984 ad
392 2917 592 3015 exemplum
617 2912 873 2984 conformarent
895 2937 979 3006 ¹aua,
1002 2919 1221 3010 ipsarumque

187 3061 303 3110 rarum
322 3059 366 3104 ex
400 3037 441 3102 iis
458 3036 685 3124 cognitionem
720 3035 850 3102 variam
873 3009 1066 3106 haurirenti
1105 3039 1222 3129 Quare

186 3157 288 3226 iniis
312 3168 474 3224 nontam
509 3154 760 3242 impeditissima
788 3175 938 3243 quaeque
971 3155 1120 3224 maxiano
1141 3181 1227 3234 am·,
1256 3215 1259 3222 ,

188 3277 439 3369 plectebantur,
467 3295 567 3363 quam
587 3274 782 3344 universam
805 3296 925 3342 acrum
954 3289 1110 3346 naturam
1132 3297 1220 3344 aare·

187 3398 245 3485 qni
277 3407 310 3462 at
332 3393 505 3482 percipere
525 3392 639 3460 animo
658 3393 848 3482 studebant3
869 3395 997 3483 quique
1021 3393 1125 3464 libros
1140 3417 1218 3484 ‚ve-

185 3525 269 3582 teres
287 3525 369 3581 tunc
387 3513 584 3599 ediderunt,
607 3533 676 3578 non
700 3514 811 3580 nolum
836 3513 872 3580 id
897 3513 1064 3583 habebant
1081 3537 1214 3610 propo÷

186 3631 307 3720 eitum,
322 3631 459 3718 ningula
481 3643 520 3698 ut
539 3631 604 3717 legi
623 3641 723 3718 atqua
745 3630 887 3716 intelligi
920 3645 1072 3720 possent,
1102 3633 1226 3723 expli·

186 3763 257 3818 cata
288 3762 321 3818 at
342 3727 515 3836 correcta5
536 3771 657 3820 veram
680 3751 780 3816 etiam
799 3747 978 3838 derebus,
1001 3751 1146 3838 quaein
1173 3748 1213 3814 iia
1262 3805 1264 3807 ,

185 3871 408 3958 traderentur,
430 3883 462 3938 et
480 3871 522 3940 do
539 3870 790 3961 scriptoriarita
807 3879 839 3936 et
856 3883 939 3954 arte,
959 3892 1044 3955 quae
1065 3861 1215 3932 maxime

265 3973 269 3990 .
969 3985 1009 4050 ι*
