2876 4704
1143 325 1199 440 ⁶9

171 499 288 572 divina
317 503 396 587 illa,
421 521 528 587 quae,
552 497 787 586 progrediente
809 509 901 585 arte,
919 498 966 565 ad
985 499 1070 568 vitas
1098 499 1199 568 adbi-

167 620 237 687 bita
261 618 528 704 ineundorum,
551 619 651 684 etiam
686 639 739 684 res
773 609 940 684 bumau'as
965 619 1072 706 ansgis
1097 617 1200 683 exhi·

166 737 257 804 larsa
279 749 313 802 et
331 746 483 802 exornat
525 735 628 802 Cuius
651 757 729 805 oum
755 737 912 823 vestigia,
936 736 1081 825 quippe·
1095 757 1141 802 ex
1163 755 1201 802 ea

165 868 368 941 temporum
382 854 630 943 longinquitate,
648 855 782 922 nonnisi
801 843 1000 941 pauoissiua
1022 855 1199 944 supersint:

167 959 262 1040 astte
293 964 564 1058 significationem
581 976 733 1062 aliquem
763 993 800 1039 ea
825 971 972 1060 faoiunt,
995 993 1083 1062 qaae
1110 973 1217 1058 apud⁴

165 1091 415 1159 Homerumet
436 1092 477 1157 da
493 1093 677 1180 paaauibus
694 1093 735 1161 ad
751 1091 931 1178 placandos
949 1093 1029 1160 deos
1046 1091 1155 1176 editis,
1168 1103 1202 1158 st
1254 1105 1255 1112 ’
1277 1089 1279 1096 ’

167 1209 212 1276 da
229 1210 325 1296 Iino,
343 1211 379 1278 in
396 1208 563 1278 vindemia
581 1223 691 1296 nanto,
707 1221 741 1278 at
756 1209 799 1276 de
813 1209 981 1278 similibus
997 1209 1200 1300 quibusdam

167 1327 319 1416 legimus.
362 1325 584 1420 Dithyrambi
612 1353 697 1396 uero
724 1341 757 1397 et
774 1328 964 1418 tragoediae
981 1341 1012 1396 et
1030 1329 1199 1419 pbaliioo·

164 1471 242 1516 rum
267 1447 461 1516 carminum
487 1447 709 1535 uriauaiuitia
742 1448 817 1536 quis
848 1447 1056 1516 in‘Graeoia
1083 1450 1197 1516 eredat

166 1581 243 1634 orta
269 1589 361 1650 esse,
383 1587 461 1630 aum
484 1566 570 1630 ¹‘haer
592 1566 703 1632 amisis
747 1566 858 1656 poesis
891 1566 932 1632 ad
956 1567 1079 1634 Bacchi
1114 1567 1197 1636 reti·

170 1685 288 1770 gisnes
312 1685 507 1771 pertineret,
531 1684 705 1752 interram
720 1686 856 1776 inopem
873 1697 906 1752 st
923 1686 1098 1754 horridam
1115 1697 1202 1751 tuna

172 1801 356 1897 temporis,
377 1800 420 1866 ab
437 1801 509 1869 aliis
529 1804 638 1870 illatas
662 1795 835 1892 gentibus,
857 1803 916 1872 diu
947 1815 1025 1872 anta
1047 1795 1197 1874 Graeo'os

81 1987 82 1997 ,
170 1921 263 1988 onitu
288 1921 401 2008 atiquo
430 1918 598 1990 eruditis?
640 1908 752 2004 Quare
778 1922 821 1991 de
842 1923 1039 2010 tragoediae·
1062 1941 1201 2009 graecas

168 2041 300 2126 origine
324 2041 540 2128 disputatoris
562 2043 669 2126 nobis
703 2064 772 2108 nou
796 2043 960 2108 modain
987 2045 1200 2111 Graecorum

169 2155 418 2248 Antiquitatum
429 2159 707 2228 descendendum
720 2169 789 2245 ast,
809 2155 1068 2229 remotissimam
1090 2161 1198 2244 iliam,

153 2261 437 2349 'miratos-batem
464 2275 590 2346 fabulis
614 2289 648 2345 et
669 2279 919 2354 narrationibus
944 2279 1113 2364 obscuris,
1133 2279 1200 2346 ial-

165 2397 227 2484 sisa
259 2397 431 2484 confusis,
468 2397 524 2474 sad
552 2399 698 2464 aliorum
723 2397 822 2464 etiam
851 2398 1081 2486 populorum,
1104 2397 1199 2464 iilius

164 2517 275 2604 gentis
292 2517 515 2602 conditorum,
537 2530 569 2582 et
591 2516 828 2604 magistrorum
849 2519 885 2584 in
903 2517 1122 2606 religionibus
1138 2515 1196 2584 la·

166 2632 271 2700 minis
299 2629 393 2726 quasi
421 2627 582 2704 scintiliae
604 2629 769 2724 quaedn'm
792 2635 1000 2724 indagandae
1027 2647 1123 2724 sunt,
1146 2648 1199 2701 at·

167 2771 235 2839 qua
249 2751 285 2818 iu
310 2775 419 2820 uuum
436 2754 514 2822 hinc
531 2755 624 2821 illino
641 2751 855 2842 colligandae.
898 2753 967 2836 Qui
982 2752 1098 2836 labor,
1120 2775 1200 2820 oum

166 2891 229 2966 par
253 2891 288 2937 se
305 2872 491 2938 admodum
518 2873 664 2940 difficilis
688 2886 721 2940 et
746 2873 906 2938 molestus
929 2872 987 2938 sit:
1009 2871 1205 2956 ingratissis
1241 2924 1243 2932 s

165 3009 244 3054 anus
261 2989 301 3056 fit
319 3011 380 3102 eo,
402 2992 494 3080 quod
513 3005 647 3060 eertum
665 2993 845 3082 quiequam
866 2988 951 3058 affini
974 3009 1014 3056 eo
1038 3012 1133 3078 posse
1147 2987 1202 3059 fa·

165 3128 204 3174 re
218 3108 449 3196 desperamus,
472 3109 710 3177 verisimilium
730 3125 854 3195 autem,
872 3131 957 3196 quae
973 3126 1210 3198 asssequamun·¹

167 3247 204 3292 aa
223 3239 273 3292 est
313 3228 418 3313 ratio,
448 3240 489 3292 ut
512 3229 763 3317 ambiguitatem
798 3249 936 3294 omnem
957 3247 1001 3294 ex
1018 3247 1056 3291 ra
1086 3225 1206 3294 toliere
1314 3213 1318 3228 ¹

168 3343 224 3412 vel
243 3345 282 3412 in
301 3365 503 3440 consensum
530 3370 649 3437 nogara
668 3347 841 3415 discordes
864 3355 1041 3434 nequeant.

268 3465 396 3552 Atque,
418 3483 496 3532 cum
511 3469 675 3534 constanti
691 3468 796 3533 totius
811 3463 1033 3552 Antiquitatis
1049 3454 1207 3528 testimo]
1288 3544 1290 3548 .

168 3583 225 3647 nio
255 3583 334 3648 satis
371 3581 555 3672 probetur,
578 3585 725 3677 antiquie
742 3581 953 3670 temporibus
971 3581 1008 3646 in
1027 3579 1208 3649 Graeciam

168 3699 376 3786 immigrasse
394 3703 573 3790 Pelasgos,
598 3702 797 3784 Phoenices,
813 3695 1033 3788 Aegyptios,
1065 3698 1205 3786 Libyes,

168 3813 341 3906 Phryges,
364 3817 456 3905 alios,
480 3837 604 3908 eosque
623 3833 701 3886 suos
729 3839 842 3882 seeum
867 3817 947 3884 deos
979 3815 1127 3887 attulisse
1143 3832 1206 3877 re-

169 3937 499 4018 risinaillimumsit:
520 3941 586 4004 iam
613 3939 661 4022 bi,
685 3935 800 4026 quales
816 3935 920 4002 fnisse
944 3933 1124 4018 videantur
1146 3930 1206 4014 dii,
