2902 4704
167 287 173 296 '
233 297 309 358 102

225 448 253 514 ti
271 460 332 538 est,
362 451 454 540 quod
484 451 623 542 Satyros
654 451 696 516 ab
720 453 958 542 antiquissimis
984 455 1099 544 poetis,
1120 457 1268 548 honest,

155 568 162 581 ‘
230 568 269 637 ab
297 569 503 656 Homeridis,
530 569 780 654 neglectosesss
802 574 960 642 vidimus.
1007 575 1094 642 Num
1114 577 1268 663 primum

230 687 358 756 horum
384 689 554 756 silentium
583 686 698 772 quanti
724 687 919 758 faciendum
950 692 1050 762 sitin
1072 693 1135 758 hac
1159 713 1267 782 sauss,

229 829 333 896 supra
373 804 698 889 demonstravitum
729 805 850 872 deinde
876 831 978 897 vero,
1015 813 1057 878 ab
1093 824 1164 878 arte
1191 813 1269 880 licet
1336 791 1340 806 ¹

233 925 349 1015 Satyri
365 923 495 1003 incultix
509 933 636 1008 essent,
659 924 730 988 uoti
749 929 861 992 tomen
882 927 917 990 in
936 928 1093 1014 pluribus
1110 931 1270 998 Graecias

229 1044 389 1133 pertibus,
408 1039 513 1108 veluti
534 1041 568 1106 in
588 1041 754 1127 Arcadis,
775 1042 853 1108 inde
870 1043 912 1108 eb
937 1047 1168 1114 remotissimis
1187 1048 1267 1116 fuis·

228 1184 263 1228 se
280 1157 490 1246 temporibus
515 1157 697 1247 videntur,
720 1180 830 1245 nsque
855 1160 993 1226 dubiam
1023 1183 1143 1230 eorum
1168 1190 1265 1236 men·
1337 1144 1341 1154 Ι

228 1278 355 1357 tionem
384 1275 554 1344 Hesiodus
576 1276 656 1346 facit
684 1280 738 1362 ι),
762 1278 854 1344 testis
888 1299 959 1346 nou
990 1285 1267 1350 contemnendus.

334 1430 427 1512 Quid
468 1422 600 1518 igitur?
629 1453 714 1498 num
747 1428 797 1497 ilii
830 1441 987 1497 errarunt
1012 1449 1129 1498 omnes
1153 1433 1266 1498 etin·
1343 1451 1346 1458 ’
1383 1417 1386 1436 '

229 1550 444 1638 eptiverunt,
468 1552 529 1638 qui
555 1549 759 1638 tragoediam
788 1547 930 1636 Icariae,
960 1549 1075 1616 Attico
1102 1547 1265 1639 pago,‘,in

229 1669 405 1736 vindemia
441 1682 550 1738 ortem
584 1693 653 1738 esse
685 1669 913 1755 affirmarunt,
945 1669 1138 1736 Athenaeus
1166 1681 1199 1734 et
1230 1670 1266 1735 iu

187 1765 191 1774 Ι
232 1788 354 1856 Minoe
376 1789 492 1874 Pluto,
517 1788 575 1874 qui
606 1789 681 1853 vult
703 1787 830 1870 videri,
866 1797 900 1852 et
924 1787 1097 1854 Maximus
1123 1789 1264 1876 Tyrius,

233 1918 267 1971 et
284 1907 355 1985 alii,
376 1906 478 1970 secuti
497 1919 564 1984 eos,
588 1924 674 1990 pene
692 1895 885 1970 innumeri?
927 1905 1154 1992 Arrogantiae
1172 1906 1263 1972 haud
1331 1943 1335 1948 =

229 2044 308 2089 seue
331 2043 456 2108 pervus
486 2018 608 2105 fuerit,
631 2033 745 2088 nostra
770 2033 875 2088 aetate
898 2021 1035 2110 insipidi
1064 2023 1189 2090 erroris
1206 2022 1265 2088 vi-

229 2163 284 2208 sus
316 2161 468 2226 urguere,
497 2140 554 2225 qui
578 2161 648 2205 nou
682 2154 770 2207 uerte
804 2165 848 2209 ex
878 2140 1019 2208 somniis
1052 2141 1121 2208 suis
1142 2162 1179 2209 ea
1206 2145 1269 2208 du·

232 2271 365 2347 nerent,
392 2281 476 2348 quae
501 2258 696 2346 aequalibus
725 2282 794 2326 non
821 2260 959 2347 tegenda
984 2260 1095 2327 solum
1132 2283 1266 2350 propo-

231 2393 361 2463 nerent,
380 2379 436 2444 sed
460 2373 655 2446 iudicando!
687 2376 833 2462 Verum,
851 2381 942 2469 quod
965 2381 1033 2446 iem
1049 2403 1151 2467 supra
1170 2379 1265 2446 iudi·
1312 2389 1316 2394 '

231 2501 394 2597 cavimus,
416 2498 452 2564 ia
471 2521 509 2568 ra
531 2496 744 2586 singulariter
765 2499 906 2569 obscure
923 2512 956 2566 et
974 2499 1132 2586 impedita
1149 2500 1198 2565 illi
1217 2498 1268 2566 vi·
1364 2497 1369 2506 “

232 2619 276 2702 ri,
303 2617 428 2704 partim
451 2617 665 2684 Athenarum
688 2619 798 2684 studio
820 2642 892 2705 suo,
915 2620 1037 2708 partim
1057 2620 1164 2707 specie
1182 2617 1271 2684 dus

232 2737 259 2804 ti
276 2735 378 2823 falsa,
406 2739 532 2824 partim
557 2737 703 2810 eliorum
729 2739 858 2828 decepti
876 2739 1084 2825 summitate,
1107 2759 1158 2804 res
1183 2757 1270 2802 oon-

234 2855 398 2923 fuderunt
426 2868 470 2942 et,
487 2879 565 2923 oum
585 2856 746 2946 propiare
776 2858 939 2945 quaedem
961 2857 1159 2946 reperirent,
1193 2875 1271 2920 ore·

234 2975 304 3044 dite
323 2976 364 3040 ab
394 2977 584 3064 plerisque,
606 2975 829 3060 neglexerunt
858 2977 1000 3041 veriore.
1052 2976 1167 3062 Atque
1188 2972 1270 3039 dss-

134 3134 138 3140 1
233 3095 354 3162 metica
373 3094 434 3160 ista
453 3095 654 3180 rudimenta,
677 3083 747 3158 uon
770 3091 914 3158 Athenis
936 3092 1091 3174 Icariam,
1114 3093 1169 3156 sed
1193 3091 1272 3156 hino

236 3214 388 3282 Athenas
423 3191 572 3302 proseuta
609 3233 679 3278 esse
717 3212 879 3278 constanti
926 3211 1029 3276 totius
1068 3209 1270 3295 Antiquite·
1393 3263 1398 3276 .

234 3332 275 3400 tis
311 3329 506 3398 testimonio
532 3329 705 3418 probatur.
747 3331 820 3398 Nec
844 3343 967 3414 temen,
995 3329 1033 3396 in
1059 3349 1127 3416 quo
1160 3325 1271 3412 potis-

234 3452 360 3518 simum
388 3471 516 3520 errasse
554 3459 683 3518 veteres
711 3449 787 3517 iilos
829 3449 921 3534 dieo,
947 3447 1056 3513 cultus
1090 3443 1271 3511 Beeohicus

236 3570 395 3637 inventus
419 3567 546 3637 iu'isto
575 3589 679 3655 pago,
702 3568 759 3633 sed
790 3564 909 3632 allatus
940 3567 976 3632 iu
1008 3585 1087 3630 eam
1128 3585 1145 3628 s
1173 3587 1270 3649 pere·

236 3687 341 3776 guinis
368 3700 450 3774 erat,
481 3707 576 3773 quos,
602 3686 747 3776 antiquis
777 3682 1007 3772 temporibus,
1038 3681 1271 3770 frequentissi-

240 3927 262 3994 ι)
297 3928 329 3979 In
350 3927 442 3996 trsgm.
460 3945 500 3994 ap.
517 3925 636 3978 strabon.
652 3924 693 3991 X,
710 3925 735 3980 5.
757 3940 799 3994 tq·
