2894 4700
1111 283 1191 374 245

134 549 139 556 ι
157 475 237 526 vam
257 439 408 528 Electrae
424 462 600 528 lenitatem
627 457 835 552 comprobat,
857 462 982 548 qnippe
1000 482 1094 548 quea,
1112 464 1200 530 cum'

158 582 313 647 detestari
340 603 414 647 eam
441 593 583 648 matrem
607 581 753 666 deberet,
777 579 931 667 pluribus
954 581 1037 646 locis
1065 604 1100 647 se
1119 605 1187 648 non

160 721 258 787 posse
272 721 344 765 eam
357 723 425 764 non
437 701 588 766 revereri
601 711 630 766 et
648 721 762 765 amara
778 699 932 764 declaret.
954 697 1026 766 Nec
1042 717 1123 767 vero
1142 723 1195 764 so·

156 817 240 902 lum,
262 818 369 883 sicubi
397 821 431 884 in
451 839 524 883 eam
541 817 678 903 gravius
704 815 832 904 aliquid
854 817 951 902 dixit,
978 817 1192 884 acerbitatem

157 955 251 1002 snam
268 937 338 1024 ipsa
354 946 484 1002 accusat
502 937 555 1022 ι);
578 937 635 1002 aed
652 959 692 1002 eo
710 933 918 1022 indignitatis
937 937 1102 1022 procedit,
1133 947 1189 1023 ut,

156 1065 334 1141 postquam
355 1071 399 1120 ex
417 1055 682 1141 Clytaemnestra
699 1067 823 1129 sortem
842 1054 938 1119 suam
961 1051 1089 1119 tristem
1122 1056 1190 1119 iens

155 1147 347 1258 mitigatum
370 1174 413 1239 iri
428 1157 590 1259 audien,
612 1186 707 1239 tanto
733 1171 897 1238 afficiatur
922 1171 1070 1259 gaudio,
1094 1183 1133 1238 ut
1158 1194 1200 1266 se¹

157 1292 199 1357 ad
231 1294 331 1379 pedes
373 1293 444 1366 eius
477 1293 612 1358 obiiciat
645 1295 693 1372 a).
737 1291 853 1377 Atque
894 1289 980 1354 hanc
1018 1289 1189 1356 Electram

159 1410 353 1496 quindecim
379 1431 442 1498 per
472 1429 579 1474 annos
603 1407 688 1472 nihil
715 1407 780 1473 nisi
804 1406 919 1471 odium
948 1405 1089 1494 spirasse
1111 1431 1188 1474 cre·

153 1521 303 1594 diderla'?
325 1529 397 1591 imo
415 1549 474 1609 ea,
498 1525 587 1613 quod
606 1523 703 1590 facile
730 1524 940 1611 impetrasset
968 1547 988 1590 a
1011 1523 1188 1613 Clytaem-

152 1657 282 1710 nestrae
317 1644 527 1729 indulgentie
551 1645 607 1729 3),
638 1643 681 1710 ad
709 1641 858 1732 lphisem
898 1655 932 1708 et
973 1641 1190 1710 Pammenem

156 1764 339 1848 sapientem
373 1783 442 1825 rua·
458 1784 492 1826 se
518 1762 722 1846 contulisset,
748 1773 850 1847 atque
879 1760 1059 1850 lacrymis,
1088 1761 1188 1837 sicuti

152 1881 230 1968 illa,
256 1901 370 1945 rerum
391 1871 539 1946 'istalum
569 1881 800 1967 indignitatem
831 1879 1045 1967 deplorasset.
1090 1879 1192 1948 Scill-

152 2005 203 2064 c'et
243 1973 389 2064 votrirti
420 1999 457 2065 in
490 2000 551 2064 hac
575 2021 719 2086 persona
771 1998 994 2085 exprimenda
1044 1999 1189 2066 rationes

78 2174 83 2183 .
151 2119 303 2184 maxime
336 2119 370 2183 id
400 2117 567 2204 turbavit,
602 2119 713 2204 quod,
744 2118 863 2206 primis
888 2117 1039 2204 partibus
1074 2115 1190 2184 Oresti

152 2237 259 2319 datis,
283 2259 325 2302 ns
349 2237 451 2302 nimia
470 2255 632 2321 magnum
664 2235 818 2302 Electrae
840 2237 991 2303 studium
1019 2237 1187 2304 excitare·-

150 2363 225 2438 tur,
247 2358 467 2418 constentiam
496 2354 566 2416 eius
587 2353 648 2416 sibi
665 2352 883 2418 minuendam
906 2375 977 2418 ease
1003 2353 1184 2441 intellexit3

151 2495 196 2539 ne
217 2494 300 2538 vero
319 2470 546 2536 commotione
568 2482 662 2553 grata
685 2471 757 2534 eius
787 2460 897 2556 pe'tt'ea
920 2471 1091 2538 destitutae
1115 2495 1187 2540 ease
1224 2479 1226 2484 ’
1327 2495 1329 2502 ’

152 2591 372 2675 sisterentur,
395 2587 654 2654 immoderatam
679 2587 708 2652 ei
736 2587 982 2654 vehementiam
1003 2589 1100 2656 istam
1122 2593 1196 2686 πίῃ

153 2710 249 2794 buit,
272 2729 392 2795 quam,
417 2706 473 2793 qui
498 2705 711 2790 singulorum
740 2717 871 2772 tantum
894 2707 1185 2794 pulchritudinem

150 2835 335 2912 sectentur,
358 2823 618 2890 admirabuntur
645 2824 782 2911 quidem
792 2825 897 2910 ‚·‘'qui
932 2830 1119 2892 accuratius
1146 2827 1182 2894 in

150 2963 222 3014 rem
248 2943 588 3031 omnemnqnirunt,
609 2962 678 3008 non
696 2953 834 3030 possunt
854 2959 974 3029 negare
992 2946 1179 3034 intempes-

150 3067 255 3132 tivam
283 3085 351 3130 esse
374 3036 406 3128 el
433 3065 594 3151 ineptam.
637 3061 702 3127 Sed
735 3061 834 3126 eliam
857 3061 975 3129 inhoc
1005 3064 1080 3131 loco'
1111 3065 1180 3133 dil·

151 3187 331 3252 fi'cultatem
356 3205 395 3248 eo
407 3181 469 3248 aib'i
487 3179 613 3247 crearit
636 3193 744 3266 poete,
768 3181 858 3267 quod
879 3179 1182 3271 Clytaemnestram
1226 3158 1229 3168 ,

151 3306 335 3372 llb'er'or'um
354 3312 494 3366 auorum
517 3299 594 3366 fecit
620 3297 908 3372 amantissimam„
938 3301 1084 3388 Etenim,
1102 3327 1181 3370 cum

152 3447 225 3499 non
245 3424 390 3501 ¹auderet
425 3419 467 3488 ad
504 3440 583 3486 eum
612 3438 764 3484 emerem
799 3395 969 3488 Electram
1001 3428 1181 3492 immotam

155 3593 179 3660 a)
194 3593 256 3670 'Aet-
269 3595 304 3646 ll.
319 3595 361 3647 Se.
376 3593 399 3646 t.
412 3593 525 3647 Electra·
605 3582 609 3592 ⁵

256 3695 331 3744 Helas
343 3694 397 3758 feu
408 3697 431 3745 ai
449 3711 507 3762 trop
521 3693 566 3748 dit:
583 3712 612 3748 ea
625 3685 703 3747 eoau'r
717 3695 787 3760 plain
803 3691 970 3746 d'amermma

254 3775 395 3844 Rependait
408 3777 503 3844 malgre
519 3777 556 3830 lui
566 3777 590 3829 le
608 3781 648 3828 fiel
669 3781 712 3844 qsei
730 3779 754 3825 le
772 3792 970 3841 consummet.

154 3910 179 3978 a)
197 3907 255 3962 Aet.
270 3907 305 3958 Il.
319 3907 396 3959 Sed·
447 3909 478 3972 ὅθ·
491 3909 556 3960 ibid.
574 3921 598 3960 at
615 3909 671 3961 aer.
681 3909 701 3960 Ι,
716 3909 760 3960 Sc.
775 3911 800 3962 5.
817 3923 842 3961 et
857 3911 966 3976 saepius.
