2902 4704
263 275 340 363 180

263 471 345 518 rum
384 447 551 518 illecebris
584 449 624 516 ab
658 441 828 530 gymnicis
866 447 1037 512 exercitiis
1057 447 1099 514 ed
1127 451 1300 538 garriendi

212 611 214 620 ι
262 569 442 640 libidinem
466 559 879 639 iuventutem-deduceret
901 565 951 656 ι),
983 567 1139 658 maleque
1164 581 1234 635 erte
1260 571 1298 637 in

263 705 447 781 utramque
469 697 599 777 partem
626 681 852 767 disputando,
873 695 906 749 et
923 685 1038 774 legum
1070 689 1298 757 sanctissima·

262 830 343 879 rum
365 805 596 877 auctoritatem
613 812 646 867 et
662 801 805 868 deorum
821 802 1050 872 reverentiam
1066 800 1251 875 subrueret.
1263 794 1299 898 ι)

275 910 278 918 ⁴
368 925 433 992 Sed
451 923 521 987 iam
540 920 581 988 de
598 921 789 1010 tragoediae
808 943 944 1010 gracum
969 945 1048 992 cnm
1063 925 1251 1015 Republica
1267 925 1299 992 ei

168 1078 170 1084 ¹
261 1045 415 1116 moribus
436 1039 562 1107 civium
582 1039 817 1107 coniunctione
834 1039 1006 1108 mihisetis
1030 1043 1155 1112 dixisse
1170 1044 1301 1128 videon·

265 1186 370 1254 quare
390 1170 524 1227 tentum
551 1159 589 1226 id
615 1160 722 1248 eddo,
745 1159 847 1250 quod,
874 1159 971 1226 sicuti
999 1162 1036 1226 in
1054 1161 1213 1228 clunibus
1229 1169 1300 1230 Sc-

261 1281 402 1372 phoclea
443 1279 596 1345 medinm
641 1279 731 1348 inter
775 1277 992 1365 Aeschylum
1024 1291 1058 1345 et
1096 1277 1299 1370 Euripidem

263 1399 359 1490 qnasi
407 1419 547 1464 cursum
598 1399 724 1487 tenuit,
771 1398 820 1465 ita
852 1383 1015 1486 'magnam
1052 1399 1179 1487 gloriae
1218 1420 1299 1464 suae

214 1583 216 1588 ,
263 1530 396 1610 partem
417 1537 458 1582 eo
491 1537 560 1583 esse
587 1519 729 1585 meritus
745 1517 896 1604 videtur,
919 1519 1011 1606 quod
1034 1503 1154 1606 reple,
1176 1529 1215 1584 ut
1231 1511 1299 1604 bic,'

265 1650 374 1704 artem
400 1657 495 1705 auem
515 1657 534 1700 a
555 1633 776 1726 Reipublicae
800 1637 985 1703 rationibus
1010 1639 1111 1728 plane
1139 1635 1299 1722 seiunxit,

264 1755 464 1840 frivolisque
488 1753 582 1841 vulgi
602 1737 721 1821 studiis
742 1746 1026 1844 accommodarit,
1048 1776 1159 1844 neque
1186 1765 1224 1820 nt
1240 1753 1301 1822 illc

262 1857 338 1941 eam
373 1872 415 1938 ad
441 1871 573 1960 singula
604 1873 750 1938 civitatis
770 1869 920 1940 institute
943 1871 1095 1942 adhibuit
1117 1895 1175 1940 seu
1200 1893 1300 1938 ccm-

265 1991 459 2060 mendanda
475 2011 534 2056 eeu
554 1991 805 2082 impugnanda3
828 1991 949 2059 verum
964 1991 999 2058 in
1016 2015 1055 2059 ec
1072 2013 1107 2059 ne
1131 1983 1303 2057 continuit

264 2111 353 2197 loco,
375 2111 413 2177 in
441 2131 509 2198 qno
527 2121 601 2176 tnm
622 2109 748 2179 civium
772 2113 849 2178 usui
876 2112 1072 2200 dignissime
1098 2108 1298 2192 inserviret,

263 2243 340 2299 tum
367 2241 474 2296 artem
494 2251 590 2296 suem
608 2229 649 2296 ad
666 2229 927 2319 pulchritudinis
949 2229 1131 2320 perfectam
1154 2227 1300 2322 speciem

256 2348 531 2439 praeclarissime
559 2345 823 2420 conformaret.'

262 2524 288 2590 r)
319 2522 387 2577 lbid.
402 2525 463 2594 953.
477 2541 533 2596 eqq.
549 2523 622 2594 1069.
638 2541 695 2594 sqq.

261 2659 291 2724 ul
322 2655 865 2736 lbid.892.·qq.936.1071.1520.sqq5
895 2657 1027 2713 Praeterea
1039 2660 1115 2712 ecum
1128 2663 1155 2712 in
1168 2656 1298 2730 Theomn-

264 2743 352 2810 pborr.
375 2754 401 2792 ct
422 2743 451 2794 in
477 2743 555 2794 nubb.
578 2743 628 2792 loci
651 2741 755 2804 plurimi
779 2756 840 2794 anna
860 2743 909 2792 buc
928 2746 1088 2808 pertinenter.
1112 2742 1146 2794 cf.
1171 2739 1298 2793 Valcken.

263 2823 337 2876 distr.
353 2841 380 2890 p·
396 2823 437 2876 34.
455 2841 510 2892 sqq.
527 2823 725 2890 Aristophanen,
741 2837 771 2876 ut
794 2836 876 2892 patet,
893 2825 974 2876 multa
990 2821 1113 2892 Euripidi
1123 2826 1186 2876 vitio
1207 2827 1298 2888 vertit,

264 2923 328 2974 quac
343 2907 491 2972 gravissime
506 2909 582 2958 ειίιηι
596 2909 624 2958 in
640 2905 797 2973 pbilosophis
810 2909 850 2958 sui
866 2910 988 2973 temporie
1005 2909 1117 2970 antesin
1137 2923 1219 2974 neque
1239 2907 1297 2958 scr·

263 3005 348 3053 usse,
363 2992 385 3041 si
401 2991 498 3056 primos
520 2990 578 3040 illos
601 2988 737 3055 Thespidie
765 3002 870 3042 conatus
888 2986 1010 3054 vidisset,
1033 2991 1105 3042 aliter
1121 2989 1153 3040 da
1169 2991 1200 3041 iie
1221 3002 1298 3056 atquc

185 3109 188 3114 -
243 3076 245 3082 '
266 3071 547 3127 coloniensibus,
