2902 4704
1121 319 1197 407 ¹27

171 476 256 544 duce
282 475 396 565 aliquo
415 485 448 542 et
478 473 639 562 magistro
656 491 743 559 opus
771 481 859 538 erat:
892 469 1005 560 ipsum
1038 469 1204 538 Homeri-

168 619 268 682 cum,
291 595 341 660 sic
357 595 449 660 enim
467 593 622 658 distinete
647 589 849 657 Plutarchus
866 611 940 656 eum
958 601 1074 675 vocat,
1098 589 1205 676 Ulys-

171 737 242 780 sem
259 713 421 794 habebat,
444 711 528 799 quin
544 710 703 778 Solonem
723 709 818 798 sequi
845 705 945 775 suum
974 719 1122 798 poterat,
1144 707 1206 795 qui

168 829 346 918 simulata,
369 831 459 920 quod
487 830 568 897 item
584 830 786 897 Plutarchus
810 828 924 916 refert,
945 830 1090 910 insania,
1111 827 1205 915 ipso·

169 972 236 1040 qua
268 928 447 1018 adiuvante
476 950 669 1037 Pisistrato,
698 945 978 1037 Atheniensibus,
1003 959 1042 1014 ut
1066 945 1206 1012 Salamis

166 1092 211 1138 na
234 1080 491 1160 recuperarent,
516 1068 739 1158 persuasisset.

270 1189 402 1256 Varum
420 1189 637 1276 Plutarchus,
660 1199 825 1276 quantum
848 1208 909 1274 ego
931 1187 1049 1275 santio,
1067 1207 1147 1254 cum
1165 1207 1205 1252 ea

167 1319 365 1374 narraturus
393 1319 495 1390 esset,
529 1329 614 1393 quae
642 1318 720 1394 post
747 1305 893 1372 reditum
917 1305 1051 1373 Solonis
1078 1318 1113 1375 et
1138 1305 1203 1372 sub

168 1425 333 1493 Pisistrati
358 1425 578 1513 tyrannidem
605 1423 794 1489 evenissent
820 1423 983 1510 Athenis,
1004 1425 1110 1491 menti
1131 1423 1205 1490 infir

166 1564 210 1610 xa
239 1565 276 1608 ea
293 1544 448 1627 habebat,
465 1562 550 1627 quae
569 1540 737 1626 inprims
757 1540 857 1610 huius
875 1540 941 1607 viri
961 1542 1203 1630 adpetentiam

167 1671 291 1732 conatu
315 1658 440 1725 dixisse
464 1657 634 1744 legislator
661 1656 845 1724 ferebatur.
891 1657 987 1738 Quae
1019 1680 1097 1724 cum
1123 1659 1204 1725 dra·

167 1775 309 1843 maticae
327 1779 409 1842 artis
426 1777 575 1864 aliquam
593 1775 869 1864 significationem
886 1775 1138 1866 haherengipsa
1154 1777 1204 1844 rei

168 1906 287 1961 natura
318 1897 362 1961 ad
394 1895 575 1985 Thespidis
604 1898 781 1964 inventum
816 1895 1063 1983 adducebatur,
1085 1907 1119 1962 et
1140 1915 1202 1985 per

167 2035 202 2080 se
223 2016 543 2084 commemoratione
566 2016 680 2104 aliqua
712 2016 874 2104 dignum,
896 2029 930 2082 at
950 2038 991 2083 eu
1014 2015 1070 2080 hic
1094 2014 1203 2102 magia

165 2130 405 2221 referendum,
429 2157 497 2223 quo
518 2135 572 2205 vir
596 2136 727 2225 sapiens
754 2137 889 2223 gravius
914 2136 951 2202 in
977 2157 1017 2201 eo
1039 2134 1075 2199 id
1099 2135 1202 2225 potia·

165 2253 291 2319 simum
309 2255 538 2344 vituperasset,
560 2255 653 2345 quod
676 2253 860 2323 simulandi
879 2253 958 2320 artis
973 2241 1204 2344 perniciosum

166 2371 377 2438 multitudini
397 2365 593 2462 exemplum
619 2388 836 2466 proponeret.
879 2375 969 2443 Nam
988 2371 1074 2439 falso
1100 2371 1201 2438 etiam

164 2488 249 2557 haec
269 2491 424 2558 Laertius
455 2493 599 2580 accepit,
623 2496 683 2580 qui
705 2494 865 2560 Solonem
884 2495 921 2562 in
944 2515 1031 2563 nova
1064 2503 1135 2559 arta
1163 2489 1201 2558 id

167 2609 255 2676 dixit
277 2621 424 2693 notasse,
447 2611 533 2697 quod
553 2610 685 2677 inutilis
696 2609 951 2702 falsiloquentio
980 2621 1081 2698 eram,
1103 2610 1201 2678 rnul-
1226 2651 1228 2656 ·

165 2727 277 2816 tique,
299 2729 403 2794 secuti
425 2751 522 2816 eum,
545 2729 581 2794 in
603 2729 767 2796 hocloco
791 2732 932 2798 omnino
955 2733 1008 2819 agi
1037 2732 1080 2797 de
1102 2753 1202 2798 meu-

168 2847 270 2913 daciis
292 2847 499 2934 cogitarunt,
523 2849 645 2936 quibus
666 2849 722 2915 illa
745 2849 891 2936 fingendi
928 2862 998 2916 arta
1028 2850 1114 2916 male
1146 2850 1200 2918 ci-

165 2987 223 3034 ves
245 2968 466 3034 assuefierent
494 2975 525 3055 r)
571 2967 684 3054 Falso,
715 2967 808 3036 dico:
846 2968 1011 3058 siquidem
1050 2970 1198 3057 fingendi

166 3086 315 3153 universi
345 3099 462 3176 poetae
488 3085 632 3154 artifices
669 3099 703 3154 et
733 3087 884 3175 magistri
915 3101 1013 3180 sunt;
1035 3089 1071 3157 id
1101 3111 1197 3175 vero,

167 3216 205 3269 ut
234 3205 364 3293 optime
397 3209 504 3274 Solon
534 3207 646 3293 vidit,
676 3207 818 3295 ipsoque
847 3207 982 3297 Ulyssis
1020 3206 1201 3276 Homerici

166 3325 336 3390 mentione
353 3323 440 3390 clare
456 3325 663 3411 significavit,
682 3325 724 3392 ita
747 3349 812 3392 non
833 3326 910 3394 fecit
927 3329 1020 3408 tanti,
1032 3340 1072 3392 ut
1089 3349 1199 3416 prop-

81 3483 83 3490 ·
163 3451 252 3508 terea
278 3457 391 3532 poetes
409 3466 453 3510 ex
468 3445 602 3508 civitate
617 3464 675 3510 sua
691 3444 862 3531 relegaret.
905 3443 945 3514 ld
961 3447 1053 3535 quod
1071 3445 1196 3513 viden·

166 3569 215 3624 tes
235 3561 294 3627 alii
314 3563 521 3652 Thespidem
543 3562 696 3652 antiquas
717 3575 750 3630 et
770 3565 927 3652 probatas
948 3563 1066 3630 Saloni
1095 3561 1196 3628 fabu-

167 3763 193 3829 t)
228 3762 329 3818 Praeter
348 3770 409 3819 alios
429 3771 524 3822 multos
545 3769 684 3822 Ramhach.
699 3773 725 3822 in
744 3771 827 3825 adnot.
847 3771 880 3824 ad
899 3771 998 3822 Potters
1014 3769 1117 3824 Grieoh.
1140 3770 1196 3822 Ar·
1246 3753 1248 3760 Ι

164 3847 626 3917 ohseotttt,p.651.et1„·rahsr.
652 3853 685 3904 ad
706 3855 829 3908 llerodot.
851 3856 874 3914 l,
894 3854 929 3906 50
944 3855 977 3906 ct.
1000 3853 1045 3906 Fa.
1069 3852 1199 3918 sehtaget.

165 3927 259 3984 Geaeh·
284 3931 310 3984 d.
325 3933 414 3986 Possis
431 3934 457 3990 d.
473 3936 522 3989 Gr·
539 3954 564 3988 u.
582 3937 671 3989 Rasna.
687 3956 714 4005 p.
733 3935 789 3991 att·
