2876 4704
190 466 295 534 tristia
332 475 534 532 canerentur
558 463 600 528 ad
636 462 807 528 Bacchum
840 461 1053 550 pertinentis,
1075 485 1222 551 quorum

188 589 324 675 copiam
343 594 474 649 constat
502 580 603 647 fuisse
628 584 821 650 maximam.
848 591 887 667 1)

290 721 427 801 Verani
463 731 531 816 his,
554 753 638 818 quae
675 733 942 821 disputavimus,
982 733 1131 800 maxime
1161 757 1225 800 eo·

185 878 265 921 rurn
298 855 492 918 adversatur
512 851 692 935 sententia,
717 855 776 938 qui
798 851 950 918 Naturae
980 851 1121 939 eiusque
1142 873 1222 940 par·

184 975 271 1038 tium
295 971 368 1035 vim
392 983 423 1036 et
447 971 552 1036 varias
575 969 816 1036 vicissitudines
839 969 1054 1058 singulorum
1077 971 1221 1036 deorum

173 1093 327 1176 ‚numine
370 1091 410 1152 ab
437 1087 646 1177 philosophis
677 1089 833 1175 demum,
869 1089 1090 1177 Epimenide,
1124 1089 1222 1156 Ono·

180 1183 344 1294 meerito,
378 1207 450 1272 aliis
480 1227 653 1294 expresses
683 1231 751 1274 esse
789 1208 930 1293 docent,
961 1220 1038 1273 ente
1070 1207 1219 1276 Homeri

178 1344 315 1411 tempus
345 1327 443 1411 tales,
467 1326 582 1413 quales
605 1349 667 1390 nos
688 1325 935 1412 descripsimus,
959 1325 1137 1412 religiones
1155 1351 1218 1392 ex-

181 1449 298 1512 stitisse
328 1446 365 1510 in
396 1445 536 1508 Graecia
572 1445 723 1509 maxime
757 1455 956 1533 propterea,
992 1455 1032 1508 ut
1060 1445 1219 1532 videtur,

182 1578 317 1650 negent,
341 1561 434 1651 quod
464 1563 554 1650 apud
578 1563 670 1626 huno
693 1573 840 1654 postem,
857 1543 1006 1626 Naturae
1027 1563 1080 1627 vis
1103 1561 1215 1629 infini-

184 1691 235 1752 tae
254 1683 341 1748 illius
361 1695 463 1769 atque
485 1692 637 1746 aeternae
658 1679 754 1747 nulla
776 1673 920 1767 usquam
936 1681 1123 1770 reperiatur
1145 1679 1216 1772 sig-2

190 1799 337 1869 nificatio.
361 1807 403 1888 a)
434 1893 437 1901 1
485 1819 487 1828 ’
520 1807 525 1816 ’

285 1937 389 2022 Falsa,
420 1937 447 2003 si
466 1936 546 2025 quid
566 1959 626 2022 ego
649 1937 767 2022 video,
789 1937 872 2003 heec
896 1936 1056 2003 sententia
1082 1950 1151 2024 est,
1179 1949 1213 2008 et

183 2039 224 2120 ab
262 2060 356 2124 omni
393 2057 703 2138 verisimilitudine,
741 2067 906 2144 quantum
938 2057 1088 2121 maxime
1131 2038 1215 2144 pot-¹

181 2187 245 2259 est,
276 2175 440 2242 destitute.
485 2175 620 2242 Etenim
655 2177 810 2263 primum
839 2165 947 2258 ¹nemo
987 2174 1111 2242 infitias
1141 2175 1214 2242 ive·

179 2295 223 2358 rit
248 2317 301 2358 eas
322 2295 509 2379 religiones,
533 2319 614 2381 quus
644 2293 813 2382 expellere
839 2295 894 2359 isti
917 2318 959 2362 ex
984 2291 1126 2358 Graecia
1150 2315 1213 2355 co-

179 2424 324 2496 nantur,
367 2410 403 2474 iu
449 2410 567 2476 Africa
597 2424 629 2478 et
672 2413 753 2476 Asia
803 2411 905 2478 fuisse
948 2385 1210 2498 antiquissimas.

178 2527 292 2595 Phalli
325 2538 436 2592 sutem
468 2541 500 2594 et
525 2529 612 2595 hirci
639 2529 828 2597 athederae
848 2544 880 2596 et
903 2531 988 2600 ficus
1015 2541 1047 2596 et
1065 2527 1214 2595 aliorum

180 2658 326 2736 potestas
349 2643 408 2709 illa
434 2647 529 2710 nobis
550 2647 687 2734 quidem
717 2670 785 2714 esse
810 2649 885 2716 telis
911 2646 1064 2732 videtur,
1095 2629 1215 2733 quam,

184 2765 244 2852 qui
274 2764 513 2852 antiquissimis
542 2769 704 2834 aetatibus
732 2747 1003 2836 inventam'esse
1027 2763 1209 2864 negaverit,

179 2907 258 2952 eum
286 2885 386 2951 etiem
413 2885 598 2973 scripturae
615 2887 726 2952 omnis
751 2890 906 2973 antiquae
923 2896 955 2949 et
975 2881 1210 2971 hieroglyphi-

178 3027 298 3073 corum
345 3025 466 3092 negare
502 3007 676 3073 veritatem
706 3017 868 3097 oporteat.
911 3002 997 3086 Quis
1034 3023 1211 3070 veronen

180 3243 205 3312 ι)
239 3245 392 3299 Consentire
423 3260 526 3299 mecum
554 3245 587 3299 de
609 3243 753 3313 unguedine
783 3249 883 3315 origine
915 3248 1056 3300 Creuzerus
1093 3243 1212 3308 videtur,

178 3326 227 3380 Vir
252 3329 460 3391 celeberrimum
484 3329 612 3394 siquidem
633 3333 661 3382 in
693 3329 745 3382 1.1.
766 3343 827 3383 tom.
857 3332 879 3382 1.
900 3335 933 3396 p.
956 3344 1014 3394 ²⁰7·
1034 3329 1097 3378 haee
1122 3327 1211 3378 neuen

179 3412 292 3473 „Daher
312 3410 383 3462 deun
400 3413 478 3464 setun
497 3411 539 3463 die
560 3412 741 3480 urspriinglich
773 3429 817 3464 aus
847 3415 924 3462 altem
951 3409 1120 3464 Naturdieuet
1148 3407 1212 3458 her-

179 3507 374 3558 vorgegaugeue
402 3495 545 3562 Tragoedic
572 3495 627 3546 und
658 3493 801 3544 Kornoedie
830 3494 918 3544 diesen
949 3493 1114 3543 dffeutlicheu
1136 3485 1216 3538 Gcist

181 3573 344 3623 testamen-'⁹
373 3575 450 3628 Certe
475 3581 593 3644 proxime
624 3573 777 3627 antecedens
811 3579 866 3626 eius
899 3575 1036 3642 disputatio
1066 3571 1121 3620 fere
1149 3569 1214 3619 milti

178 3655 328 3719 persuadet,
349 3676 397 3710 uos
419 3659 553 3712 edirerrir
580 3678 641 3712 sene
661 3675 775 3724 messos
798 3660 931 3726 principiis
950 3660 977 3709 in
1007 3652 1115 3708 eandem
1143 3667 1210 3704 sou-

176 3737 280 3788 veaime
302 3745 463 3792 sententium.

175 3867 201 3931 2)
235 3867 408 3939 FuSclrlegel
423 3873 518 3926 Gcsch.
538 3871 564 3922 d.
582 3871 673 3925 Possis
702 3867 728 3920 ti·
751 3869 800 3922 Gr.
823 3889 847 3924 ra
867 3873 943 3925 Rom.
967 3887 992 3936 p.
1012 3867 1053 3919 16.
1079 3879 1138 3932 sq‘l·
