2876 4704
284 252 337 338 46

282 425 405 506 taient.
448 433 612 506 Attamen
639 439 681 506 sd
708 441 804 527 prius
830 442 933 528 istud,
957 443 984 508 si
1011 466 1113 530 ponas
1139 443 1297 523 idearum

284 573 372 632 esse,
394 555 486 641 quod
512 557 773 645 respondeatur,
804 562 914 628 cuivis
939 562 974 630 in
999 577 1135 649 promtu
1161 575 1224 630 est:
1243 565 1297 628 sci·

283 669 379 754 licet,
401 687 440 740 ut
469 675 512 740 ab
532 674 678 740 Adrasto
707 677 749 742 od
789 678 1079 750 Bacchumchori
1108 683 1156 748 illi
1176 705 1298 748 revoca·

284 802 422 876 rentur,
437 792 488 856 ita
515 792 626 856 luctus
649 811 769 860 eorum
791 793 827 860 in
855 796 1018 867 laetitiam
1051 823 1303 887 essecomm-¹

281 919 385 997 tatas3
408 929 516 994 neque
536 909 651 995 snagin
671 911 810 981 alterius
843 919 1033 1001 argumenti
1058 923 1130 988 vim
1155 921 1300 1010 cuiquam

279 1026 475 1114 probaverit
497 1025 557 1097 vir.
577 1027 705 1122 doctus,
728 1035 922 1120 praesertim
948 1039 1112 1119 exemplis
1138 1042 1195 1125 iis,
1226 1063 1300 1128 quae

280 1141 454 1231 apposuit,
477 1166 599 1232 parum
643 1151 687 1216 ad
716 1173 789 1218 rem
817 1153 913 1240 aptis.
940 1157 971 1236 ι)
1015 1155 1149 1220 Etenim
1175 1159 1301 1224 interest

277 1259 448 1348 profecto,
473 1275 599 1333 ¹utrum
631 1271 772 1339 omnino
812 1272 852 1338 in
888 1273 1053 1340 honorem
1080 1275 1208 1340 mortui
1234 1275 1303 1344 ludi

277 1379 331 1444 vel
354 1378 452 1446 chori
469 1383 643 1472 edantur,
665 1411 708 1454 an
734 1390 770 1456 id
796 1390 910 1458 choris
946 1393 1159 1482 propositum
1187 1394 1246 1478 sit,
1266 1407 1303 1460 ut

275 1517 512 1600 etruscorum
538 1517 572 1573 et
598 1507 806 1578 calamitates
832 1497 1011 1583 eelebrent
1051 1514 1199 1580 Adrasto
1225 1535 1301 1586 raro

269 1617 470 1708 plurimsin
487 1622 554 1690 vita
572 1627 660 1694 malo
677 1630 841 1719 accidisse,
865 1644 938 1700 tum
961 1651 1022 1700 nos
1040 1635 1164 1700 scimus
1180 1653 1304 1715 ornnes,

160 1805 165 1815 ,
272 1750 346 1825 ium
369 1763 393 1806 a
423 1740 562 1818 Graecis
582 1749 688 1832 poetis
707 1771 802 1822 casus
831 1752 903 1828 eius
922 1741 1155 1826 ‚tamstudiose
1178 1749 1304 1838 exponi

271 1859 308 1924 in
340 1879 443 1926 scena
475 1862 648 1944 solebant,
681 1875 720 1928 ut
734 1865 977 1953 Antiphanes,
1002 1868 1176 1962 Comicus,
1211 1853 1303 1950 apud

271 1977 488 2060 Athenaeum
505 1981 710 2065 »Adrasti
744 2001 868 2053 nomen
886 1983 980 2048 inter
1015 2003 1052 2050 es
1079 1991 1204 2070 ponat,
1225 1977 1306 2062 qui-v

270 2095 333 2160 hus
350 2099 486 2178 auditis;
504 2103 539 2166 in
564 2103 725 2196 ‚theatro,
750 2101 860 2186 qualis
881 2101 968 2176 ¹lere
992 2100 1175 2188 spectaturi
1211 2096 1301 2162 mala

272 2230 401 2297 essent,
433 2241 549 2285 omnes
585 2219 800 2305 praescirent.
842 2218 909 2284 Sed
940 2217 1085 2306 denique
1112 2217 1208 2285 clsori
1236 2213 1311 2300 illi,¹

271 2337 394 2426 quibus
417 2338 557 2402 Adrasti
574 2359 668 2436 casus
685 2335 952 2424 celebrarentur,
975 2340 1066 2425 apud
1083 2321 1303 2403 Herodotum

269 2455 311 2520 ab
343 2455 435 2542 aliis,
467 2457 524 2546 qui
558 2445 637 2520 huic
664 2455 759 2548 heroi
792 2456 1005 2524 habebantur
1020 2457 1233 2551 nonoribus,
1256 2458 1310 2522 ita.

268 2564 517 2679 seiunguntur,'
533 2583 572 2642 ut
596 2575 881 2646 verisimillimum
905 2578 965 2664 sit,
988 2567 1127 2646 eandem
1157 2573 1227 2640 sere
1250 2574 1304 2660 iis,

266 2693 345 2760 licet
367 2716 436 2762 non
456 2694 750 2783 enthusiasticam,
772 2699 942 2764 tristitiam
969 2719 1160 2786 expressam
1183 2693 1305 2776 fuisse,

266 2835 335 2902 ¹qua
362 2813 520 2894 aliorum
539 2814 608 2882 sive
629 2813 772 2886 deorum
799 2818 869 2884 sive
889 2818 1069 2882 hominum
1097 2837 1191 2878 casus
1210 2811 1305 2876 cele-'

265 2931 378 3023 bretos
405 2953 474 3005 esse
498 2921 639 3020 constat,
660 2937 830 3003 Adonidis
852 2936 927 3002 dico
954 2945 986 3000 et
1003 2935 1136 3001 Cereris
1160 2943 1192 2998 et
1211 2931 1312 3030 Pro-¹

267 3135 291 3197 ἡ
326 3133 435 3204 Aptiora
469 3133 502 3188 ad
525 3135 590 3189 haec
634 3140 677 3191 illa
704 3125 786 3190 videti
812 3149 943 3204 puerant,
975 3134 1094 3208 Dionysii
1126 3137 1183 3190 Hal.
1208 3135 1242 3190 A·
1270 3137 1309 3190 R.

263 3220 324 3276 vlt
349 3237 375 3288 p·
394 3220 458 3288 477',
482 3220 528 3272 ubl
560 3219 627 3286 apud
659 3223 786 3274 Romanos
821 3223 849 3272 in
873 3223 1019 3274 illustrium
1052 3223 1168 3276 virorum
1194 3223 1306 3287 pompis

263 3303 415 3355 funebribus
449 3318 593 3370 satyrorum
626 3304 696 3355 chori
729 3317 904 3356 memorantur
924 3307 1040 3356 sicinniu
1072 3308 1197 3358 saltantes·
1247 3303 1308 3354 Sed

265 3400 365 3447 tamen,
384 3403 445 3450 quas
473 3387 501 3436 hi
522 3399 605 3452 partes
635 3388 742 3452 egerint,
766 3389 825 3438 ratis
846 3399 877 3436 ex
894 3386 1101 3439 antecedentibus
1125 3373 1258 3451 sopiret?
1273 3389 1306 3436 in

263 3469 356 3534 quibus
382 3487 434 3520 non
466 3469 520 3520 iera
552 3471 600 3536 ipsi
623 3470 734 3520 earmina
758 3471 879 3522 cecinisse
901 3470 950 3522 sibi
980 3471 1098 3536 propria,
1123 3467 1169 3518 sed
1196 3481 1309 3520 tantum

262 3569 352 3617 graves
388 3554 515 3604 seriorum
551 3553 690 3603 chororum
729 3566 815 3604 motus
845 3551 943 3606 ludicro
974 3555 1062 3602 imitati
1093 3567 1147 3602 esse
1173 3551 1308 3602 raserun-

260 3646 312 3686 tur.
345 3634 447 3698 Neque,
458 3632 529 3700 quod
544 3635 719 3700 gratissimum
735 3648 781 3697 cst,
799 3635 838 3688 his
854 3637 937 3686 charis
949 3636 1108 3696 calamitates,
1124 3636 1210 3684 nescio
1233 3653 1311 3700 qnae

261 3717 358 3768 mortui
377 3717 585 3781 celebrabantur,
606 3715 654 3770 ssd
678 3717 741 3770 nihil
763 3718 813 3769 nisi
832 3718 947 3770 funebris
970 3733 1077 3784 pompae
1102 3717 1225 3783 splendor
1252 3735 1314 3775 aus

221 3815 226 3826 ⁶
259 3799 375 3867 gsltstur.

261 3913 291 3979 a)
324 3915 411 3984 deipn.
432 3933 460 3984 p.
481 3931 539 3969 222.
