2894 4700
270 293 351 411 298

270 475 384 555 Quare
413 471 494 538 ‘ruffi
531 455 652 537 dolose
674 451 773 537 initio
813 468 1019 536 Philoctetae
1052 488 1086 536 so
1122 493 1198 546 eum
1237 475 1300 538 ‹lo-⁴

266 612 373 664 mum
397 602 430 657 ot
465 591 501 657 in
540 587 686 677 patriam
725 585 947 654 reducturum
979 609 1049 653 esse
1075 591 1300 677 promisisset‚'

265 722 401 800 postea,
433 707 565 794 oognite
599 706 665 774 riri
707 703 851 771 in'feliois
902 705 1108 795 pertinenia,
1148 710 1178 775 ei
1221 730 1299 776 oum

267 831 435 922 probitate
462 824 563 895 fidem
597 811 766 912 praestare
799 845 926 910 seems
944 847 1045 914 quam
1079 847 1159 893 oum
1180 825 1299 896 frande

265 949 409 1016 illorum
441 931 621 1014 defendere
645 950 778 1009 causum
799 943 939 1010 meluit:
977 951 1086 1032 neque
1120 947 1217 1013 ineo
1244 969 1299 1014 er·

265 1090 306 1155 ga
328 1068 407 1133 deos
422 1065 486 1131 eibi
512 1041 617 1152 impie
642 1075 739 1150 egere
764 1051 959 1148 videbatur,
980 1063 1041 1148 qui
1077 1085 1147 1130 non
1172 1087 1207 1131 se
1239 1087 1298 1131 re·

262 1189 403 1253 ducere·
429 1183 637 1250 Philocteten
654 1181 858 1267 innisum,
891 1181 947 1246 sed
981 1181 1114 1248 tantum
1154 1183 1297 1270 Atridis,

199 1357 201 1362 .
261 1305 293 1370 si
311 1304 409 1370 illum
424 1265 655 1368 ediuitxissent
671 1299 912 1388 riht-proxima
931 1309 1051 1366 aerulo
1067 1300 1207 1366 Troiam
1220 1323 1299 1390 oap-

263 1435 338 1489 tnm
355 1421 402 1488 iri·
415 1443 477 1510 per
495 1417 668 1486 Helenum
691 1418 929 1503 significassent
954 1416 1003 1505 ι).
1023 1418 1093 1484 Noo
1101 1438 1192 1503 vero,
1203 1422 1299 1506 quod

266 1541 507 1630 gravissimum
527 1550 587 1626 est,
605 1538 641 1604 in
663 1537 732 1602 fine
759 1533 892 1603 fabulae
926 1535 1092 1603 Hercules
1125 1537 1298 1604 Philocte·

260 1659 379 1728 tenet
407 1658 674 1748 Neoptolemum
699 1654 879 1744 impietatis
900 1665 1050 1742 aoouset,
1073 1656 1130 1724 sod
1145 1667 1298 1722 *utrum-

264 1803 350 1868 qne,
371 1791 409 1844 ut
440 1801 485 1844 ne
520 1778 721 1842 Atridarum
764 1795 898 1842 caueam
946 1767 1093 1860 deseret,
1124 1776 1299 1864 hortatum

164 1951 165 1959 ι
260 1898 440 1989 postremis
461 1905 575 1962 eutem
604 1889 713 1960 verbis
739 1891 818 1974 suis,
848 1911 927 1955 oum
952 1893 1096 1956 omuino
1120 1893 1162 1958 iis
1193 1895 1294 1982 pieta·

262 2029 332 2083 tem
358 2011 593 2097 commendet,
620 2006 770 2072 maximo
793 2007 828 2073 id
857 2027 914 2073 eos
954 2021 1172 2093 commouet,
1205 2005 1295 2080 neiis

258 2135 384 2201 Troiae
408 2127 658 2218 expugnatione
687 2125 833 2192 deornm
863 2123 1115 2213 obliviscantur,
1135 2129 1193 2195 sed
1215 2141 1295 2198 tuno

263 2245 406 2343 quoquo'
422 2247 692 2326 moderationem
720 2255 755 2310 et
781 2243 942 2312 iustitiam
965 2241 1096 2330 colent,
1119 2247 1197 2315 lovi
1214 2270 1297 2336 gra-e

265 2372 463 2443 desimam·
1280 2361 1283 2373 '

358 2487 530 2577 -Exposite
553 2499 673 2555 autem*
697 2487 740 2552 de
766 2487 830 2553 heo
849 2496 945 2575 perte
968 2483 1104 2554 fabulae
1123 2505 1197 2551 mee
1221 2501 1296 2552 aen-i

259 2607 363 2698 tentia
377 2627 391 2694 ,·
409 2598 582 2695 'reliquum
603 2619 662 2692 est,
687 2617 726 2670 ut
752 2606 794 2670 de
812 2605 952 2692 singulis
981 2601 1183 2692 quibusdem
1210 2604 1294 2671 loois

259 2727 441 2812 disseram,
464 2737 539 2793 tum
565 2727 609 2792 ad
634 2747 687 2790 rea
717 2724 864 2809 divinas,
889 2736 962 2788 tum
998 2723 1041 2788 ed
1078 2734 1181 2794 totam
1207 2745 1292 2812 poe·

218 2832 221 2838 ¹
258 2846 358 2913 matie
386 2843 630 2912 institutionem
660 2842 918 2932 pertinentibus.

362 2997 522 3064 Primum
551 2996 642 3061 enim
672 2993 771 3058 illum
795 2993 927 3077 lorum,
954 2995 999 3074 ι)
1037 2991 1075 3057 in
1107 3017 1175 3080 quo
1202 2993 1295 3061 .t³hi-·

256 3113 412 3199 loctetes,
435 3116 471 3182 vi
507 3124 652 3197 tractus,
675 3110 849 3176 Lemnum
881 3109 1046 3199 insulam,
1077 3109 1295 3203 Vulcanique

257 3236 372 3320 ignem
402 3232 545 3299 iniuriae
576 3229 639 3295 sibi
672 3227 779 3295 lectae
811 3239 908 3295 testes
936 3230 1087 3320 invocat,
1120 3255 1189 3299 nou
1231 3257 1293 3322 ego

207 3327 211 3340 ’
258 3331 397 3442 ιιιιῐιίειιιΔ
435 3352 482 3417 sio
518 3348 723 3438 acceperim,
755 3359 915 3436 tanquam
951 3349 1150 3416 Philoctetes
1187 3354 1294 3438 megia

262 3558 286 3621 tl
305 3557 449 3612 melaena
474 3556 540 3610 illud
571 3557 605 3611 do
638 3559 717 3610 Troia·
741 3553 910 3626 expugnanda
923 3556 1073 3608 vatieleinm
1089 3552 1182 3619 (idom.
1197 3557 1231 3612 ll.
1256 3558 1294 3613 11.

249 3639 314 3695 ’50οι
332 3639 403 3708 sqq.)
421 3643 527 3692 oonsilio
545 3658 599 3692 non
618 3644 774 3692 memorarit
795 3639 944 3705 Sophocles.
963 3638 1072 3689 Facilius
1088 3651 1172 3690 autem
1187 3639 1295 3691 Hestel-

253 3725 358 3778 baoleiua
383 3737 410 3775 et
423 3723 576 3776 Philoctetae
592 3737 617 3774 et
635 3725 799 3789 Neoptolemi
816 3726 844 3774 in
862 3723 923 3773 letis
938 3722 1133 3775 contemnendis
1152 3724 1294 3787 levitatem,

253 3809 341 3862 nomio
363 3821 457 3876 quem,
474 3805 601 3862 coneedit.
619 3825 645 3876 p.
668 3807 724 3860 105.

253 3941 507 4010 dnmm-

1426 1897 1428 1962 l
