2864 4710
1096 283 1175 376 541
1215 303 1217 308 '

147 475 185 548 pt
211 485 323 532 seeum
353 459 488 528 Thebes
516 459 756 546 proficiscetur.
802 457 869 531 Sed
894 457 970 542 ille,
1003 459 1185 535 vehemeo.

147 596 199 650 ter
220 579 357 666 ingratis
378 580 484 646 iretus
499 577 584 664 filiis,
606 577 852 664 huncquoque
874 586 906 640 et
922 573 1060 644 fratrem
1079 603 1178 648 exse-

148 700 353 778 crationibus
379 700 450 766 auis
472 697 544 764 neci
569 694 712 765 devovet
737 707 886 781 mutuae,
909 716 974 782 que
992 695 1089 764 brevi
1107 711 1184 786 post

151 830 297 906 uterque
325 817 425 906 periit
455 820 496 903 r).
537 817 612 882 Jem
637 817 759 902 igitur,
800 825 976 907 postquam
1012 815 1088 882 setis
1119 817 1186 884 So·

152 935 288 1026 phooles
313 935 446 1003 fatelem
472 935 598 1029 Oedipi
624 934 693 1000 irae
715 936 785 1014 vim
803 933 1067 1014 Atheniensibus
1083 957 1188 1004 mou-

149 1055 287 1140 strevit‚
309 1056 411 1122 etiam
439 1055 474 1120 in
493 1055 589 1120 obitu
612 1054 698 1120 senis
722 1055 875 1142 deorum,
902 1066 1062 1144 tunquam
1093 1075 1211 1152 praa·-

152 1175 310 1260 aentium,
345 1173 527 1260 benignum
553 1194 681 1238 numen
702 1183 793 1236 tonte
820 1191 897 1236 cum
923 1184 994 1236 erte
1019 1172 1189 1265 significet·

150 1294 220 1378 vit,
241 1314 307 1382 qua
331 1293 464 1374 nescio,
493 1290 575 1379 quid
594 1289 732 1373 eogitari
750 1290 852 1378 possit
869 1289 1058 1356 sublimius.
1103 1291 1186 1358 Ete-

150 1411 245 1496 nim,
280 1411 397 1477 audito
419 1408 549 1474 tonitru
574 1420 607 1473 et
635 1405 829 1492 fulguribus
855 1406 963 1493 editis,
993 1407 1095 1494 signis
1122 1410 1188 1485 illis

149 1529 326 1618 praedictis
344 1549 405 1614 per
421 1527 634 1614 Apollinem,
655 1526 778 1610 subito,
797 1527 855 1613 qui
875 1538 981 1596 entear
1000 1527 1064 1593 nisi
1081 1527 1187 1608 duee·
1268 1537 1272 1544 “

149 1660 267 1729 retur,
296 1647 419 1732 pedem
454 1668 523 1710 non
551 1657 662 1733 posset
693 1667 917 1732 promovere,
957 1646 1098 1732 erigitur
1129 1671 1187 1714 sa·

152 1785 243 1851 nex,
263 1766 411 1850 graviter
436 1764 556 1852 pluro,
578 1763 703 1850 quibus
726 1762 941 1830 Athenarum
966 1762 1067 1833 saluti
1100 1786 1188 1832 cou-

152 1884 335 1970 suleretur,
358 1882 488 1950 Theseo
512 1881 692 1983 praecipit,
715 1881 895 1968 solusque,
918 1904 979 1970 per
1002 1882 1125 1972 deum,
1148 1895 1187 1965 ut

151 2003 254 2091 dicit,
277 2004 396 2068 duetus
422 2001 465 2068 ad
481 1999 674 2091 aepulorum
691 2021 792 2068 auum
813 2001 1037 2088 progreditur.
1081 2002 1188 2068 Nun-

151 2121 218 2188 tius
239 2132 363 2206 eutem,
385 2143 538 2189 reversus
564 2121 601 2187 iu
616 2142 770 2208 scenam,
792 2099 895 2208 quein
920 2119 1067 2197 mirabili
1085 2120 1189 2210 nodo

151 2236 316 2328 Oedipus,
332 2239 417 2330 ipso,
430 2263 498 2308 nou
509 2253 649 2309 vocante
657 2241 783 2327 solum,
800 2240 1121 2328 eedepparentedeo
1140 2241 1186 2326 e),

155 2329 298 2444 obierit,
320 2370 474 2442 euertat,
504 2371 605 2444 etque
634 2358 809 2442 Antigone
846 2369 992 2439 mortem
1018 2358 1048 2420 ei
1066 2330 1188 2428 sonti,-

148 2479 238 2566 giase
260 2476 350 2560 dicit,
373 2496 474 2562 quom
493 2473 556 2538 sibi
567 2482 705 2560 exoptet
722 2471 873 2559 quisque,
893 2471 1120 2554 felicissimam
1137 2455 1187 2559 51.

257 2598 371 2682 Atque
397 2593 435 2658 in
458 2591 532 2672 his,
555 2612 634 2657 oum
661 2613 710 2692 ea,
738 2591 860 2680 quibus
890 2589 1043 2679 Oedipus
1075 2591 1186 2659 Athe.-

152 2713 324 2803 uieosium
354 2709 449 2799 quasi
475 2708 556 2776 deus
580 2708 730 2777 tutelaris
761 2688 934 2795 redditur,
975 2708 1189 2787 intellectum

154 2831 232 2900 satie
258 2829 391 2896 facilem
418 2826 578 2896 habeant:
600 2831 641 2896 de
661 2829 722 2915 iis,
744 2849 830 2915 quae
851 2828 894 2894 ad
924 2827 1020 2923 illiue.
1045 2827 1100 2892 vel
1118 2849 1186 2903 ert-

155 2950 292 3034 ailium,
330 2947 383 3014 vel
415 2947 451 3014 iu
480 2949 661 3017 Creontem
695 2946 851 3037 filiosque
876 2947 962 3015 iram
996 2946 1183 3036 pertinent,

156 3091 264 3160 peuoe
290 3065 454 3156 quaedem
484 3067 623 3134 dicende
639 3079 728 3159 sunt.

192 3275 193 3278 Ἴ
258 3185 416 3272 Etenim,
437 3209 515 3258 oum
541 3199 615 3276 post
632 3184 758 3274 Oedipi
784 3203 906 3252 oesum'
929 3185 973 3251 ed
1002 3184 1185 3253 Creontem

158 3329 291 3379 summa
318 3305 454 3398 imperii
489 3307 654 3373 venisset:
677 3304 733 3371 bie
760 3326 795 3370 se
820 3305 955 3391 negavit
992 3305 1092 3372 illum
1117 3327 1185 3393 ex„-

154 3427 280 3517 pellere
305 3425 434 3494 Thebis
453 3447 561 3516 posse,
582 3437 762 3514 antequem
785 3422 897 3489 denuo
922 3424 964 3488 de
985 3445 1026 3492 eo
1044 3423 1186 3512 Apolli·

160 3634 185 3688 ri
202 3633 270 3686 Cum
288 3633 328 3686 bie
341 3635 556 3688 emanationibus
570 3633 664 3701 Oedipi
678 3632 710 3685 de
726 3629 824 3708 flliebm
836 3627 973 3697 praedictio
991 3633 1126 3685 eonianota
1139 3587 1186 3694 eet.

157 3731 235 3850 324²?
252 3718 357 3864 zoio,
379 3720 424 3784 qui
451 3731 495 3770 eut
524 3718 659 3787 expediam
690 3728 735 3770 aut
757 3713 1005 3769 defendentium
1027 3713 1087 3768 die·
1108 3716 1135 3765 in
1160 3729 1187 3768 a·

151 3929 180 3992 at
198 3947 225 3982 v·
252 3925 394 3998 ²⁶971tt·
422 3945 495 3998 ¹7²¹·
509 3947 565 4000 teo·
597 3933 623 3998 ⁵)
640 3951 668 3986 v·
690 3931 763 4001 ²7⁵⁰·
779 3951 833 4000 *sn-
