2894 4700
1126 313 1200 404 281

180 499 251 562 uon
278 511 348 558 esse
373 485 541 556 Trachine
573 483 739 574 comperit
762 483 1016 568 'th-incassum
1045 487 1110 556 hoo
1148 493 1207 562 la.

177 620 360 694 mactatur,
380 607 438 672 scd
465 606 506 672 ad
523 603 585 671 alia
613 626 649 671 ss
679 602 857 691 convertit,
884 605 1050 689 graviora.
1092 607 1208 700 Qpip..

178 751 224 818 pe
249 726 457 794 concremari
479 744 514 790 so
540 721 680 802 injoeta
714 732 851 806 monto,
872 723 943 790 sinc
975 723 1135 814 lacrymis
1172 743 1207 802 οι

92 894 94 900 .
180 845 287 931 luctu,
311 845 425 930 iohct3
446 841 547 910 illud·
561 841 649 928 soirp
673 841 785 908 solum
812 862 950 930 corum,
973 845 1095 932 quibus
1124 872 1207 918 002.

181 963 324 1050 ficiatur,
354 963 525 1032 malorum
551 982 620 1027 cass
641 961 840 1027 remedium.
885 963 983 1030 Cedit
1012 975 1124 1036 caman
1141 969 1209 1038 sal-

181 1093 251 1152 tem
276 1085 311 1151 ia
335 1105 376 1148 eo
402 1082 492 1167 filio,
525 1079 624 1146 enixe
650 1081 686 1146 id
711 1079 854 1166 roganti,
876 1092 915 1148 ut
938 1104 1137 1169 rogusnon
1165 1089 1209 1156 ab

180 1201 274 1292 ipso,
296 1201 354 1268 sed
391 1201 433 1268 ab
459 1199 531 1265 aliis
551 1211 584 1266 ot
606 1209 800 1296 exstruatur
825 1210 859 1264 ot
876 1201 1083 1270 accendatur.

287 1320 326 1388 ln
351 1319 404 1386 his
435 1319 588 1408 primum
616 1315 751 1402 quidam
773 1313 809 1380 id
834 1336 894 1380 uos
924 1330 1057 1404 oportot
1092 1324 1218 1393 ohssr·.

184 1462 284 1526 vars,
307 1440 397 1527 qnod
422 1434 582 1504 Herculia
609 1433 742 1500 dolores
770 1430 821 1501 illi
852 1432 1054 1504 acerbissimi
1074 1442 1214 1527 quidem

181 1571 272 1643 ouon
310 1558 368 1622 scd
386 1556 496 1621 minus
512 1575 574 1620 noa
600 1549 654 1620 val
676 1562 853 1640 propterca
868 1568 1094 1656 consororem,
1119 1563 1213 1649 quad

182 1677 221 1742 in
252 1697 309 1742 eos
334 1671 393 1740 ille
418 1693 555 1740 uorax
579 1693 702 1760 apagno
729 1671 842 1760 aliqua
871 1682 905 1740 ot
924 1670 1084 1755 laudabili
1107 1701 1215 1776 epm..

183 1805 240 1878 lu‚
262 1795 319 1860 sed
349 1792 484 1860 leuitate
512 1813 574 1858 aua
590 1803 622 1860 ot
639 1789 738 1880 culpa
763 1788 892 1877 incidit,
914 1790 967 1858 vel
990 1793 1086 1862 etiam
1103 1820 1215 1888 prop·

183 1925 292 1993 tersa,
323 1912 416 1999 quod
453 1910 579 1994 nullsur
617 1931 726 1998 ucquc
764 1907 980 1992 humanitatis
1013 1934 1122 2002 nequo
1151 1917 1215 1984 he-

183 2031 396 2102 nevolentias
425 2029 601 2096 admistam
628 2027 905 2115 significationem
936 2028 1070 2100 habeut
1114 2035 1215 2118 Quo..

184 2172 368 2220 rusiacum
401 2150 495 2238 prius
525 2149 610 2217 illud
634 2149 683 2215 aio
715 2147 854 2216 vetustis
880 2149 1131 2234 narrationibus
1158 2177 1214 2222 ca-

184 2283 234 2338 aot
256 2268 435 2337 traditum:
459 2270 525 2336 hoc
550 2266 717 2359 posterius
748 2267 861 2332 estad
895 2266 1070 2356 Sophoclis
1099 2274 1215 2341 cousi.

185 2388 272 2456 lium
306 2385 530 2455 referendum.
583 2390 699 2471 Atque
730 2385 778 2450 sio
810 2384 1005 2472 putabimus
1029 2409 1107 2463 aum
1126 2369 1217 2459 [rem

186 2520 342 2574 anorum
365 2499 485 2589 luisse,
516 2502 546 2568 ai
578 2499 739 2568 Herculis
761 2500 824 2566 sibi
844 2516 989 2588 mortens
1015 2507 1217 2596 proposuis-

186 2637 236 2690 set
262 2612 526 2690 illustrandam?
548 2618 622 2686 Iaso
636 2641 692 2700 ,nc
714 2619 861 2688 moritur
882 2621 1020 2710 quidam
1044 2625 1081 2692 in
1101 2625 1216 2696 fabula

187 2742 373 2826 Hercules,
396 2759 504 2827 nequo
534 2759 636 2825 rogus
663 2739 733 2807 eius
758 2738 978 2828 elonginquo
1011 2756 1217 2818 monotratur

185 2871 387 2944 exstructus,
411 2880 520 2947 usquo
539 2857 611 2948 ipso
626 2857 737 2942 horos,
764 2869 1004 2946 postmortem
1032 2861 1129 2932 ianm
1149 2865 1216 2932 mi.

187 3003 311 3062 saram,
332 2978 463 3046 divinos
492 2977 658 3064 honores,
680 2973 766 3066 quos
786 2977 988 3046 inventurus
1017 2994 1113 3070 ossal,
1143 3005 1217 3054 mc·

187 3111 318 3185 morat,
340 3120 449 3186 usqua
474 3096 540 3162 hoo
571 3096 639 3163 alio
663 3097 798 3183 ruodo,¹
816 3096 886 3164 sivo
910 3119 972 3187 por
1001 3101 1147 3188 oraculo,
1169 3103 1218 3168 si-

190 3243 232 3288 ve
257 3218 437 3308 pereleum
465 3215 612 3304 aliquem
643 3216 740 3283 nobis
763 3213 980 3304 significatas
1002 3239 1120 3288 varum
1137 3220 1220 3290 lraoo

187 3363 266 3430 pars
293 3336 428 3421 labuloc
453 3335 564 3402 omnis
597 3347 646 3402 cst
678 3336 722 3416 ita
756 3334 936 3421 adornato,
970 3347 1008 3412 ut
1038 3337 1219 3410 clarissimo

187 3458 415 3546 intelligamus
447 3453 650 3544 Sophoclem
683 3453 718 3520 in
747 3473 784 3518 oo
809 3453 1002 3522 maximum
1027 3456 1128 3524 illum
1154 3457 1219 3526 he-

188 3599 282 3644 roem
331 3587 521 3643 monstraro
553 3571 719 3656 voluisse,
756 3573 879 3648 omorio
916 3575 950 3642 vi
989 3573 1218 3663 profligatum.¹

189 3694 278 3760 Corn
305 3715 388 3760 voro
420 3705 512 3763 tanta
539 3692 609 3758 eiua
636 3702 669 3756 ct
694 3691 891 3780 magnitudo
918 3705 1001 3762 essct
1026 3706 1060 3761 st
1087 3696 1125 3762 in
1151 3697 1219 3764 ho-

47 3901 54 3910 ·
88 3900 91 3906 ’
188 3881 213 3950 1)
231 3881 357 3934 Alcmona
372 3896 396 3934 ot
409 3884 484 3935 libari
497 3881 612 3934 flosculis
628 3883 655 3934 iu
668 3881 717 3935 hoo
732 3884 790 3935 loco
807 3883 841 3937 ita
853 3897 1044 3947 momorantur,
1061 3885 1127 3936 utin
1140 3845 1218 3936 anitss

190 3985 272 4036 gonao
288 3984 315 4019 r.
333 3965 402 4020 1288.
418 3966 560 4035 Megareus.
