2894 4700
261 319 341 442 289

189 513 194 524 ‘
259 495 314 578 di,
336 505 374 562 ut
405 495 579 564 voluntate
608 517 687 562 eum
723 493 835 583 eliqua
874 493 999 561 eximis
1033 493 1288 580 amplectamur.

258 612 391 682 Deinde
421 639 503 682 vero
530 617 566 680 in
592 615 764 682 acerrimis
789 611 950 680 Herculis
987 611 1183 699 doloribus,
1206 637 1290 701 quoa

260 731 390 820 Hyllus
422 733 600 818 describit,
623 733 770 800 horrore
792 731 920 820 ingenti
942 731 1064 820 potius,
1088 753 1190 819 quam
1219 733 1292 800 mi·

144 931 155 958 ,
259 853 425 922 teredone
459 874 735 934 commovemur,
767 852 864 918 cuius
898 851 1036 940 quidem
1071 852 1291 940 excitandae,

264 983 408 1058 quantus
433 971 617 1060 Sophocles
642 970 767 1039 artifex
785 969 899 1055 fuerit,
921 991 968 1034 ex
997 968 1069 1034 aliis
1096 971 1166 1034 eiua
1187 970 1294 1037 fabu-

260 1089 302 1158 lis
328 1089 406 1157 setis
436 1104 651 1180 compertum
677 1091 849 1156 habemus.
893 1089 1014 1174 Neque
1042 1087 1179 1157 crudele
1202 1089 1293 1158 istud

261 1207 479 1296 supplicium,
502 1231 569 1297 quo
599 1211 708 1278 iratur
735 1210 835 1274 heroa
860 1203 1003 1272 Licham
1031 1205 1179 1274 affecisse
1207 1196 1304 1276 nar-¹

262 1338 374 1412 ratur,
410 1327 553 1414 gratiam
590 1325 622 1398 ci
646 1328 846 1416 cuiusquam
870 1323 1116 1394 conciliaverit:
1154 1339 1191 1394 ut
1215 1351 1294 1394 ma·
1339 1413 1344 1424 .

262 1442 422 1514 bifestum
451 1448 512 1532 sit,
535 1446 570 1512 in
604 1445 717 1535 priore
745 1457 841 1534 parts
869 1443 1003 1513 fabulae
1030 1444 1066 1510 id
1087 1445 1189 1530 egisse
1225 1451 1296 1514 So·

264 1561 438 1650 plsoclern,
477 1575 517 1628 ut
553 1586 655 1631 omne
688 1563 838 1632 studium
887 1575 1041 1630 nostrum
1086 1579 1295 1650 omnemque

264 1679 530 1754 benevolentiam
562 1683 605 1753 ad
646 1684 753 1752 eclam
790 1681 989 1754 Deianiram
1023 1702 1120 1750 suam
1153 1703 1298 1752 conver·

264 1809 359 1868 teret.

368 1919 592 1988 Posteriorem
633 1941 717 1986 vero
750 1917 885 1986 fabulae
909 1931 1061 2007 partem,
1092 1942 1179 2008 quse
1209 1941 1298 2008 pane
1430 1957 1431 1982 1

265 2037 376 2104 omnis
401 2039 436 2104 in
465 2037 623 2104 Herculis
653 2059 732 2106 cum
757 2035 867 2126 Hyllo
899 2037 1112 2126 sermonibus
1137 2039 1296 2128 vertitur,
1430 2039 1431 2074 ¹

218 2181 222 2190 ·
265 2167 382 2248 poeta,
412 2179 454 2224 ne
476 2157 630 2224 destituta
667 2167 893 2244 spectatorum
924 2135 1043 2222 studiis
1060 2157 1155 2238 es'aet,
1176 2159 1224 2224 aie
1248 2159 1300 2239 iu·

266 2267 393 2357 stituit,
432 2288 471 2343 ut
497 2274 599 2342 etiam
628 2274 788 2342 Herculia
811 2271 1133 2368 fortitudiniaillitrs
1156 2287 1188 2343 et
1208 2277 1300 2342 cala·

267 2395 394 2464 miletis
423 2395 593 2464 inauditae
617 2397 691 2464 aive
726 2393 905 2462 admiratio
935 2393 1006 2462 sive
1045 2392 1214 2461 miseratio
1235 2395 1302 2463 sli-

269 2535 336 2602 qua
366 2528 654 2586 commoveretur.
696 2514 844 2602 Etenim,
867 2512 985 2580 ellatus
1009 2513 1046 2578 iu
1076 2535 1220 2600 coenam,
1242 2515 1302 2582 illo

269 2634 660 2722 primumcrucictuu'm
687 2657 829 2702 suorum
860 2632 930 2700 vim
965 2632 1211 2724 intolerabilem
1241 2633 1304 2700 de·

271 2750 385 2841 plorat
416 2757 620 2843 acerbeque,
643 2753 754 2842 quod,
778 2765 957 2841 postquam
985 2761 1035 2817 tot
1057 2773 1120 2838 pro
1142 2751 1303 2820 Graecias

270 2871 379 2938 soluta
415 2873 565 2960 pericula
599 2870 758 2959 subierit,
791 2870 957 2957 invictus,
987 2867 1055 2936 iam
1086 2867 1304 2939 fraudulenta

275 2993 394 3057 uxoria
419 3004 492 3058 crte
520 2989 710 3058 miserrime
745 2999 876 3073 pereat,
899 2987 1130 3077 conqueritur.
1172 2989 1305 3057 Deinde

271 3105 423 3196 Hyllum
459 3111 625 3177 adducere
648 3119 794 3175 metrem
826 3107 938 3193 iubet,
962 3120 999 3175 ut
1027 3108 1155 3175 scelesti
1176 3106 1305 3176 facino·

272 3224 321 3291 ris
341 3227 476 3294 meritas
500 3230 541 3295 ab
574 3249 611 3294 ea
637 3248 761 3317 poenes
786 3235 915 3314 aumat3
939 3217 996 3294 aad
1023 3227 1101 3311 ubi,
1126 3227 1306 3315 perillum

144 3359 147 3366 ’
272 3352 401 3435 doctus,
437 3360 471 3416 et
489 3347 669 3417 Deianirae
700 3345 928 3414 innocentiam
958 3357 991 3412 et
1018 3344 1187 3410 malorum
1223 3367 1307 3411 suo·-

272 3493 351 3538 rum
381 3481 540 3536 naturum
572 3466 739 3556 coguovit,
763 3465 989 3554 desparatamt
1020 3461 1173 3530 dolorem
1205 3485 1306 3532 auum

272 3590 493 3679 comprimit,
516 3608 704 3675 magnaque
731 3607 809 3651 curn
846 3583 950 3650 animi
986 3583 1189 3670 constantie,
1221 3606 1307 3672 quoe

273 3712 341 3779 iam
370 3709 454 3776 velit
480 3709 573 3794 fieri,
595 3706 706 3796 Hyllo
731 3703 887 3771 declaret.
932 3697 972 3766 lu
1004 3699 1161 3790 pluribus
1192 3713 1307 3770 autern

275 3830 392 3898 similia
420 3829 545 3916 Aiacis,
568 3826 665 3893 sicuti
691 3823 759 3907 ille,
781 3821 966 3890 verborum
993 3843 1112 3912 pareus
1142 3833 1211 3909 eat,
1243 3843 1308 3888 ue-

275 3973 352 4040 que,
379 3960 570 4040 postquam.
589 3945 801 4030 Alcmenem,
835 3955 987 4030 matrem,
1014 3941 1202 4031 liberosque
1230 3962 1309 4008 euos
