2876 4704
1153 325 1202 412 91

181 492 324 562 usquam
350 469 602 538 fuisse'oultum
628 463 834 536 asseverant?
855 472 927 536 imo
947 472 1066 536 omisso
1084 487 1141 540 sut
1155 477 1208 542 ie·

180 595 256 660 vius
284 603 551 656 commemorata
577 593 666 677 opud
695 590 786 654 huuc
816 601 951 675 poetam
989 591 1087 678 plura
1111 605 1207 680 suut,

180 735 268 798 quae
296 713 429 776 dudum
459 721 533 774 unte
559 708 628 773 eius
654 721 791 774 aetatem
812 722 947 794 recepta
971 705 1071 778 etiem
1096 711 1132 776 in
1148 708 1208 776 Jo-

178 832 284 896 nihus
312 828 418 894 fuisse
455 839 595 892 constet:
627 829 732 894 veluti
765 827 938 894 Bacchum
970 829 1209 916 antiquissimis

180 946 395 1032 temporibus
413 943 549 1010 Athenis
566 946 732 1038 templum
753 947 906 1014 habuisse
924 949 1033 1014 bouus
1052 971 1132 1014 ssue
1146 961 1207 1014 tes·

181 1065 227 1129 tis
250 1063 465 1150 Thucydides
495 1063 596 1129 tradit
621 1072 673 1152 s),
698 1065 835 1153 eiusque
869 1066 921 1132 dei
949 1067 1134 1134 sacerdotes
1156 1065 1208 1133 fe·

178 1183 292 1250 minae
320 1193 414 1246 ersot
441 1188 494 1270 2);
525 1182 562 1248 iu
596 1183 740 1250 Homeri
774 1197 886 1251 autem
919 1185 1125 1250 carminibus
1152 1185 1208 1254 dei

178 1301 305 1368 Bocchi
339 1301 656 1388 nympharumque,
689 1303 854 1368 comitum
884 1305 973 1388 eius,
994 1303 1098 1370 mmcl
1126 1316 1207 1371 tao-

175 1433 250 1488 tum
275 1432 307 1484 ct
329 1421 422 1506 ¹quasi
443 1419 685 1504 praetereundo
702 1420 740 1484 fit
759 1421 952 1508 significatio
975 1423 1021 1509 3).
1051 1423 1127 1508 Sed,
1149 1422 1208 1510 qui

179 1541 368 1606 accuratius
386 1538 465 1602 huic
488 1537 582 1624 poesi
611 1539 761 1604 studium
787 1551 973 1624 neverunt,
1004 1541 1209 1608 consentient

182 1656 369 1744 nobiscum,
394 1657 529 1744 opinor,
552 1644 660 1720 mults
688 1656 723 1721 io
757 1678 793 1721 es
818 1657 925 1722 multo
953 1659 1065 1724 adhue
1092 1657 1208 1726 labore
1285 1705 1288 1710 -

187 1774 381 1842 illustrando
419 1797 508 1859 esse,
532 1771 730 1862 priusquam
762 1785 852 1840 certo
890 1788 990 1862 quest
1025 1777 1207 1863 constitui,

187 1914 249 1978 qua
276 1897 403 1959 ratione
427 1906 461 1958 et
485 1915 550 1980 qus
574 1892 639 1956 tide
661 1893 730 1957 eius
752 1893 793 1958 de
816 1893 1026 1982 Antiquitste
1043 1895 1091 1960 uti
1118 1897 1208 1962 tosti-

180 2014 296 2078 monio
323 2013 432 2078 liceat.
476 2011 515 2076 Iu
550 2012 612 2074 hac
637 2025 748 2076 sutem
776 2013 967 2099 quaestione
990 2035 1094 2098 greve
1116 2013 1207 2082 iudi·

182 2132 271 2196 cium
291 2153 353 2196 nos
370 2131 456 2196 illud
472 2130 652 2214 habemus,
676 2129 742 2196 iem
768 2153 868 2218 supra
893 2119 1208 2220 commemoratum,

180 2251 272 2338 quod
307 2249 505 2316 Herodotus
539 2249 732 2316 Homerum
767 2262 801 2319 et
840 2250 1029 2322 Hesiodum
1070 2251 1210 2322 Graecis

178 2506 203 2570 a)
238 2507 281 2571 11,
317 2505 356 2559 15.
432 2507 435 2518 ⁴

178 2645 207 2695 et
240 2639 273 2690 ef.
304 2639 362 2690 Vsu
387 2638 450 2692 Dsle
472 2638 504 2692 de
538 2613 721 2709 pontihidsx.
749 2642 778 2694 irs
810 2639 921 2696 disseres.
952 2639 1001 2694 tx·
1023 2641 1096 2696 Aust.
1126 2645 1210 2695 inssi·-

179 2722 259 2771 vieut.
283 2738 309 2786 p·
329 2721 387 2774 208.
411 2739 448 2788 sq.

179 2853 207 2916 ὅ)
240 2853 352 2905 Bacchus
374 2855 442 2920 apud
464 2856 608 2907 Homerum
631 2873 715 2921 neque
740 2859 769 2908 io
794 2873 879 2922 pugna
902 2858 1068 2920 ulmosque
1096 2855 1122 2906 iu
1136 2817 1210 2914 ‚eou-

176 2937 262 2986 viciis,
274 2935 382 2987 deorum
403 2941 559 2990 nominatur:
576 2956 658 3004 neque
674 2941 773 3002 Dione,
792 2937 843 3001 (ll.
864 2940 898 2991 V·
920 2937 978 2990 381.
995 2937 1061 3002 sqq.)
1082 2937 1126 2988 ubi
1151 2941 1210 3005 plu·

178 3011 247 3068 rium
286 3017 397 3070 deorum
436 3021 520 3070 tristes
557 3037 628 3070 cesos
660 3033 808 3080 enumerat,
843 3021 897 3070 eius
928 3021 1086 3070 mentionem
1121 3021 1211 3074 iniicit·

177 3099 247 3166 Quid
269 3099 355 3154 vero?
381 3101 544 3166 quodetiam
566 3102 665 3158 Cereris
689 3103 758 3167 apud
774 3103 843 3152 hune
868 3115 970 3168 postem
983 3102 1037 3152 lsus
1062 3105 1144 3156 tenuis
1163 3118 1209 3167 est,

182 3182 223 3244 (ci.
240 3181 273 3233 dc
287 3181 431 3234 Artemidis
450 3185 590 3236 honoribus
613 3185 646 3236 lt.
670 3185 717 3236 lx.
739 3185 797 3237 553.
815 3201 874 3249 sqq·
896 3197 922 3236 et
947 3182 1070 3236 Herodes.
1087 3184 1137 3236 lv.
1156 3186 1208 3250 33.)

180 3267 266 3326 cuius,
295 3264 341 3316 diu
357 3279 415 3316 sate
435 3267 549 3318 Gelonos
571 3269 598 3316 in
621 3265 711 3318 Asiam
742 3264 881 3329 deductos,
915 3267 1058 3332 Eumolpus
1086 3270 1212 3333 templum
1317 3288 1323 3312 r
1392 3295 1397 3315 t

179 3347 291 3410 fecisset,
319 3362 420 3414 postes,
437 3350 458 3396 si
483 3347 590 3399 Aristidi
608 3349 745 3410 credimus,
764 3349 807 3411 (in
829 3347 943 3398 Eleusin.
965 3366 992 3413 p.
1009 3349 1082 3414 257.)
1106 3349 1137 3399 ab
1156 3351 1213 3400 Do-

178 3430 249 3478 rihus
281 3427 494 3482 concrematum?
527 3431 619 3482 Nosne
641 3432 716 3493 hinc,
741 3448 774 3480 ne
797 3429 918 3493 Eumoipi
949 3428 1053 3496 quidem
1077 3433 1213 3496 reiigionee

177 3528 261 3574 neque
287 3513 390 3563 Cereris
407 3514 598 3564 venerationem
616 3513 648 3563 ab
666 3511 756 3562 Atticis
776 3512 820 3562 vel
840 3503 947 3562 Jouihus
966 3511 1083 3562 omuibus
1101 3524 1214 3576 receptes

179 3609 234 3641 csse
256 3593 379 3658 colligas?
412 3595 488 3646 Certe
514 3595 688 3657 Erechtheus,
704 3608 732 3644 ut
755 3593 884 3642 Minervae
912 3593 1069 3659 gratissimus
1096 3595 1214 3644 mortsli-

176 3691 240 3734 um,
256 3676 323 3738 apud
345 3677 489 3730 Homerum
515 3680 614 3744 saepius
634 3675 753 3726 laudetur
772 3671 833 3738 (011.
863 3673 922 3728 VII.
952 3675 992 3728 81.
1019 3675 1050 3728 11.
1082 3675 1117 3726 11.
1139 3674 1213 3739 547.)

174 3759 248 3822 isque
276 3770 404 3820 postremo
440 3759 544 3826 quidem
572 3775 633 3812 cum
662 3757 792 3822 Eumolpo
828 3743 974 3808 societatem
1003 3759 1106 3820 iniisse,
1141 3757 1214 3806 initio

176 3857 239 3892 vcro
263 3835 359 3891 bellum
380 3845 485 3909 gessisse
509 3843 540 3893 sb
563 3837 716 3905 Thucydide
749 3853 875 3890 dematur.
894 3837 946 3901 (11.
979 3839 1018 3892 15.
1039 3839 1072 3891 ci.
1101 3835 1214 3902 Apollo·

175 3919 234 3974 dor·
252 3919 303 3976 Ili·
333 3921 375 3986 15,
389 3925 436 3988 4.)
471 3920 557 3987 Atque
571 3921 600 3972 id
619 3937 700 3990 genus
725 3921 773 3972 siis
795 3933 856 3972 suut
881 3919 1014 3972 sexcenta!
