<?xml version="1.0" encoding="UTF-8"?>
<!DOCTYPE html PUBLIC "-//W3C//DTD XHTML 1.0 Transitional//EN"
    "http://www.w3.org/TR/xhtml1/DTD/xhtml1-transitional.dtd">
<html xmlns="http://www.w3.org/1999/xhtml" xml:lang="en" lang="en">
 <head>
  <title>
</title>
<meta http-equiv="Content-Type" content="text/html;charset=utf-8" />
  <meta name='ocr-system' content='tesseract 3.04.00' />
  <meta name='ocr-capabilities' content='ocr_page ocr_carea ocr_par ocr_line ocrx_word'/>
</head>
<body>
  <div class='ocr_page' id='page_1' title='image "./sophocleaequaes00jacogoog_0093.png"; bbox 0 0 2876 4704; ppageno 0'>
   <div class='ocr_carea' id='block_1_1' title="bbox 171 307 1363 1495">
    <p class='ocr_par' dir='ltr' id='par_1_1' title="bbox 230 307 283 395">
     <span class='ocr_line' id='line_1_1' title="bbox 230 307 283 395; baseline 0 -29"><span class='ocrx_word' id='word_1_1' title='bbox 230 307 283 395; x_wconf 76' lang='lat'><strong>92</strong></span> 
     </span>
    </p>

    <p class='ocr_par' dir='ltr' id='par_1_2' title="bbox 171 432 1363 1495">
     <span class='ocr_line' id='line_1_2' title="bbox 226 432 1256 556; baseline 0.005 -35"><span class='ocrx_word' id='word_1_2' title='bbox 226 456 380 556; x_wconf 79' lang='lat' dir='ltr'><strong>primum</strong></span> <span class='ocrx_word' id='word_1_3' title='bbox 403 432 634 546; x_wconf 77' lang='lat' dir='ltr'>Theogoniam</span> <span class='ocrx_word' id='word_1_4' title='bbox 662 453 777 522; x_wconf 82' lang='lat' dir='ltr'><strong>iecisse</strong></span> <span class='ocrx_word' id='word_1_5' title='bbox 806 453 919 522; x_wconf 83' lang='lat' dir='ltr'><strong>refert.</strong></span> <span class='ocrx_word' id='word_1_6' title='bbox 963 453 1137 522; x_wconf 79' lang='lat' dir='ltr'>Nimirum</span> <span class='ocrx_word' id='word_1_7' title='bbox 1160 469 1256 526; x_wconf 66' lang='lat' dir='ltr'><strong>utera</strong></span> 
     </span>
     <span class='ocr_line' id='line_1_3' title="bbox 228 574 1256 672; baseline 0.001 -30"><span class='ocrx_word' id='word_1_8' title='bbox 228 599 294 664; x_wconf 86' lang='lat' dir='ltr'><strong>que</strong></span> <span class='ocrx_word' id='word_1_9' title='bbox 317 589 433 666; x_wconf 83' lang='lat' dir='ltr'><strong>poeta,</strong></span> <span class='ocrx_word' id='word_1_10' title='bbox 457 579 580 665; x_wconf 88' lang='lat' dir='ltr'><strong>partim</strong></span> <span class='ocrx_word' id='word_1_11' title='bbox 607 574 656 640; x_wconf 89' lang='lat' dir='ltr'><strong>rei</strong></span> <span class='ocrx_word' id='word_1_12' title='bbox 682 587 838 641; x_wconf 84' lang='lat' dir='ltr'><strong>naturam</strong></span> <span class='ocrx_word' id='word_1_13' title='bbox 869 587 1020 672; x_wconf 83' lang='lat' dir='ltr'><strong>secutus,</strong></span> <span class='ocrx_word' id='word_1_14' title='bbox 1051 577 1193 664; x_wconf 84' lang='lat' dir='ltr'><strong>partim,</strong></span> <span class='ocrx_word' id='word_1_15' title='bbox 1217 591 1256 644; x_wconf 92' lang='lat' dir='ltr'><strong>ut</strong></span> 
     </span>
     <span class='ocr_line' id='line_1_4' title="bbox 227 675 1363 786; baseline 0.004 -27"><span class='ocrx_word' id='word_1_16' title='bbox 227 691 380 781; x_wconf 84' lang='lat' dir='ltr'><strong>videtur,</strong></span> <span class='ocrx_word' id='word_1_17' title='bbox 404 708 497 762; x_wconf 90' lang='lat' dir='ltr'><strong>certo</strong></span> <span class='ocrx_word' id='word_1_18' title='bbox 522 695 640 760; x_wconf 83' lang='lat' dir='ltr'><strong>ductus</strong></span> <span class='ocrx_word' id='word_1_19' title='bbox 660 693 810 786; x_wconf 87' lang='lat' dir='ltr'><strong>consilio,</strong></span> <span class='ocrx_word' id='word_1_20' title='bbox 828 696 1006 780; x_wconf 77' lang='lat' dir='ltr'><strong>religIcnes</strong></span> <span class='ocrx_word' id='word_1_21' title='bbox 1031 707 1130 782; x_wconf 87' lang='lat' dir='ltr'><strong>atque</strong></span> <span class='ocrx_word' id='word_1_22' title='bbox 1155 675 1255 762; x_wconf 76' lang='lat' dir='ltr'><strong>febu-</strong></span> <span class='ocrx_word' id='word_1_23' title='bbox 1359 732 1363 744; x_wconf 80' lang='lat'><strong>,</strong></span> 
     </span>
     <span class='ocr_line' id='line_1_5' title="bbox 225 809 1257 900; baseline 0.007 -23"><span class='ocrx_word' id='word_1_24' title='bbox 225 812 275 878; x_wconf 80' lang='lat' dir='ltr'><strong>les</strong></span> <span class='ocrx_word' id='word_1_25' title='bbox 303 835 383 880; x_wconf 77' lang='lat' dir='ltr'><strong>strae</strong></span> <span class='ocrx_word' id='word_1_26' title='bbox 401 813 507 900; x_wconf 81' lang='lat' dir='ltr'><strong>gentis</strong></span> <span class='ocrx_word' id='word_1_27' title='bbox 530 813 725 876; x_wconf 78' lang='lat' dir='ltr'><strong>innumerus</strong></span> <span class='ocrx_word' id='word_1_28' title='bbox 748 822 781 876; x_wconf 88' lang='lat' dir='ltr'><strong>et</strong></span> <span class='ocrx_word' id='word_1_29' title='bbox 807 809 1007 880; x_wconf 86' lang='lat' dir='ltr'><strong>fluctuantes</strong></span> <span class='ocrx_word' id='word_1_30' title='bbox 1028 813 1070 882; x_wconf 82' lang='lat' dir='ltr'><strong>ad</strong></span> <span class='ocrx_word' id='word_1_31' title='bbox 1094 814 1257 884; x_wconf 84' lang='lat' dir='ltr'><strong>unitatem</strong></span> 
     </span>
     <span class='ocr_line' id='line_1_6' title="bbox 228 923 1256 1022; baseline 0.006 -27"><span class='ocrx_word' id='word_1_32' title='bbox 228 933 399 1018; x_wconf 85' lang='lat' dir='ltr'><strong>quandam</strong></span> <span class='ocrx_word' id='word_1_33' title='bbox 413 939 688 1016; x_wconf 73' lang='lat' dir='ltr'><strong>constantemque</strong></span> <span class='ocrx_word' id='word_1_34' title='bbox 714 925 862 996; x_wconf 86' lang='lat' dir='ltr'><strong>formam</strong></span> <span class='ocrx_word' id='word_1_35' title='bbox 884 923 1081 1000; x_wconf 51' lang='lat' dir='ltr'><strong>revocab&#39;at(</strong></span> <span class='ocrx_word' id='word_1_36' title='bbox 1113 932 1153 1000; x_wconf 87' lang='lat' dir='ltr'><strong>ln</strong></span> <span class='ocrx_word' id='word_1_37' title='bbox 1176 956 1256 1022; x_wconf 88' lang='lat' dir='ltr'><strong>quo,</strong></span> 
     </span>
     <span class='ocr_line' id='line_1_7' title="bbox 226 1045 1255 1141; baseline 0.007 -27"><span class='ocrx_word' id='word_1_38' title='bbox 226 1051 254 1114; x_wconf 86' lang='lat' dir='ltr'><strong>si</strong></span> <span class='ocrx_word' id='word_1_39' title='bbox 279 1071 383 1136; x_wconf 78' lang='lat' dir='ltr'><strong>peuce</strong></span> <span class='ocrx_word' id='word_1_40' title='bbox 414 1050 577 1137; x_wconf 77' lang='lat' dir='ltr'><strong>quaedem</strong></span> <span class='ocrx_word' id='word_1_41' title='bbox 611 1045 815 1135; x_wconf 67' lang='lat' dir='ltr'><strong>excogitasse</strong></span> <span class='ocrx_word' id='word_1_42' title='bbox 842 1051 932 1139; x_wconf 85' lang='lat' dir='ltr'><strong>ipsos</strong></span> <span class='ocrx_word' id='word_1_43' title='bbox 970 1053 1148 1140; x_wconf 86' lang='lat' dir='ltr'><strong>ponimus:</strong></span> <span class='ocrx_word' id='word_1_44' title='bbox 1172 1056 1255 1141; x_wconf 69' lang='lat' dir='ltr'><strong>plu7</strong></span> 
     </span>
     <span class='ocr_line' id='line_1_8' title="bbox 224 1166 1255 1258; baseline 0.006 -25"><span class='ocrx_word' id='word_1_45' title='bbox 224 1168 312 1233; x_wconf 86' lang='lat' dir='ltr'><strong>rima</strong></span> <span class='ocrx_word' id='word_1_46' title='bbox 336 1169 408 1234; x_wconf 85' lang='lat' dir='ltr'><strong>sine</strong></span> <span class='ocrx_word' id='word_1_47' title='bbox 425 1169 529 1234; x_wconf 88' lang='lat' dir='ltr'><strong>dubio</strong></span> <span class='ocrx_word' id='word_1_48' title='bbox 551 1169 774 1253; x_wconf 84' lang='lat' dir='ltr'><strong>invenerunt,</strong></span> <span class='ocrx_word' id='word_1_49' title='bbox 797 1166 898 1256; x_wconf 82' lang='lat' dir='ltr'><strong>longa</strong></span> <span class='ocrx_word' id='word_1_50' title='bbox 937 1181 1135 1258; x_wconf 86' lang='lat' dir='ltr'><strong>temporum</strong></span> <span class='ocrx_word' id='word_1_51' title='bbox 1168 1175 1255 1240; x_wconf 83' lang='lat' dir='ltr'><strong>serie</strong></span> 
     </span>
     <span class='ocr_line' id='line_1_9' title="bbox 171 1285 1252 1376; baseline 0.006 -26"><span class='ocrx_word' id='word_1_52' title='bbox 171 1350 176 1365; x_wconf 39' lang='lat' dir='ltr'><em>l</em></span> <span class='ocrx_word' id='word_1_53' title='bbox 223 1286 438 1376; x_wconf 85' lang='lat' dir='ltr'><strong>aliorumque</strong></span> <span class='ocrx_word' id='word_1_54' title='bbox 456 1300 526 1353; x_wconf 89' lang='lat' dir='ltr'><strong>arte</strong></span> <span class='ocrx_word' id='word_1_55' title='bbox 552 1285 637 1354; x_wconf 83' lang='lat' dir='ltr'><strong>factu</strong></span> <span class='ocrx_word' id='word_1_56' title='bbox 664 1300 697 1352; x_wconf 89' lang='lat' dir='ltr'><strong>et</strong></span> <span class='ocrx_word' id='word_1_57' title='bbox 718 1300 927 1373; x_wconf 77' lang='lat' dir='ltr'><strong>compar-otu:</strong></span> <span class='ocrx_word' id='word_1_58' title='bbox 950 1302 989 1354; x_wconf 89' lang='lat' dir='ltr'><strong>ut</strong></span> <span class='ocrx_word' id='word_1_59' title='bbox 1006 1291 1157 1356; x_wconf 84' lang='lat' dir='ltr'><strong>maxime</strong></span> <span class='ocrx_word' id='word_1_60' title='bbox 1174 1289 1252 1356; x_wconf 85' lang='lat' dir='ltr'><strong>for·</strong></span> 
     </span>
     <span class='ocr_line' id='line_1_10' title="bbox 224 1404 1254 1495; baseline 0.008 -27"><span class='ocrx_word' id='word_1_61' title='bbox 224 1416 310 1474; x_wconf 86' lang='lat' dir='ltr'><strong>tasse</strong></span> <span class='ocrx_word' id='word_1_62' title='bbox 331 1407 368 1474; x_wconf 92' lang='lat' dir='ltr'><strong>in</strong></span> <span class='ocrx_word' id='word_1_63' title='bbox 393 1429 433 1474; x_wconf 89' lang='lat' dir='ltr'><strong>ec</strong></span> <span class='ocrx_word' id='word_1_64' title='bbox 460 1404 664 1491; x_wconf 84' lang='lat' dir='ltr'>meruerint,</span> <span class='ocrx_word' id='word_1_65' title='bbox 688 1405 800 1493; x_wconf 89' lang='lat' dir='ltr'><strong>quod,</strong></span> <span class='ocrx_word' id='word_1_66' title='bbox 822 1431 865 1474; x_wconf 91' lang='lat' dir='ltr'><strong>ne</strong></span> <span class='ocrx_word' id='word_1_67' title='bbox 882 1430 947 1495; x_wconf 82' lang='lat' dir='ltr'><strong>que</strong></span> <span class='ocrx_word' id='word_1_68' title='bbox 977 1420 1035 1474; x_wconf 82' lang='lat' dir='ltr'><strong>eut</strong></span> <span class='ocrx_word' id='word_1_69' title='bbox 1055 1405 1254 1476; x_wconf 76' lang='lat' dir='ltr'><strong>omiserant</strong></span> 
     </span>
    </p>
   </div>
   <div class='ocr_carea' id='block_1_2' title="bbox 134 1526 1334 2326">
    <p class='ocr_par' dir='ltr' id='par_1_3' title="bbox 134 1526 1334 1733">
     <span class='ocr_line' id='line_1_11' title="bbox 222 1526 1253 1614; baseline 0.003 -25"><span class='ocrx_word' id='word_1_70' title='bbox 222 1537 357 1591; x_wconf 80' lang='lat' dir='ltr'><strong>narrata</strong></span> <span class='ocrx_word' id='word_1_71' title='bbox 381 1526 497 1594; x_wconf 81' lang='lat' dir='ltr'><strong>odiose</strong></span> <span class='ocrx_word' id='word_1_72' title='bbox 518 1527 729 1611; x_wconf 86' lang='lat' dir='ltr'><strong>viderentur,</strong></span> <span class='ocrx_word' id='word_1_73' title='bbox 750 1526 813 1594; x_wconf 78' lang='lat' dir='ltr'><strong>elie</strong></span> <span class='ocrx_word' id='word_1_74' title='bbox 835 1527 1057 1614; x_wconf 79' lang='lat' dir='ltr'><strong>retituerunt,</strong></span> <span class='ocrx_word' id='word_1_75' title='bbox 1080 1527 1143 1593; x_wconf 78' lang='lat' dir='ltr'><strong>olio</strong></span> <span class='ocrx_word' id='word_1_76' title='bbox 1162 1549 1253 1592; x_wconf 89' lang='lat' dir='ltr'><strong>com·</strong></span> 
     </span>
     <span class='ocr_line' id='line_1_12' title="bbox 134 1644 1334 1733; baseline 0.004 -26"><span class='ocrx_word' id='word_1_77' title='bbox 134 1721 136 1733; x_wconf 9' lang='grc' dir='ltr'><strong>χ</strong></span> <span class='ocrx_word' id='word_1_78' title='bbox 221 1644 414 1733; x_wconf 77' lang='lat' dir='ltr'><strong>mutsrunt,</strong></span> <span class='ocrx_word' id='word_1_79' title='bbox 451 1647 516 1713; x_wconf 81' lang='lat' dir='ltr'><strong>eliu</strong></span> <span class='ocrx_word' id='word_1_80' title='bbox 547 1669 626 1712; x_wconf 89' lang='lat' dir='ltr'><strong>oum</strong></span> <span class='ocrx_word' id='word_1_81' title='bbox 668 1645 758 1730; x_wconf 84' lang='lat' dir='ltr'><strong>aliis,</strong></span> <span class='ocrx_word' id='word_1_82' title='bbox 796 1649 1082 1732; x_wconf 80' lang='lat' dir='ltr'><strong>quemadmodum</strong></span> <span class='ocrx_word' id='word_1_83' title='bbox 1115 1647 1151 1712; x_wconf 93' lang='lat' dir='ltr'><strong>id</strong></span> <span class='ocrx_word' id='word_1_84' title='bbox 1178 1645 1252 1712; x_wconf 85' lang='lat' dir='ltr'><strong>fiori</strong></span> <span class='ocrx_word' id='word_1_85' title='bbox 1331 1687 1334 1698; x_wconf 45' lang='grc' dir='ltr'><strong>ι</strong></span> 
     </span>
    </p>

    <p class='ocr_par' dir='ltr' id='par_1_4' title="bbox 185 1755 1251 2326">
     <span class='ocr_line' id='line_1_13' title="bbox 185 1755 1251 1853; baseline 0 -23"><span class='ocrx_word' id='word_1_86' title='bbox 185 1793 193 1806; x_wconf 35' lang='lat' dir='ltr'><strong>e</strong></span> <span class='ocrx_word' id='word_1_87' title='bbox 222 1765 353 1849; x_wconf 81' lang='lat' dir='ltr'><strong>optime</strong></span> <span class='ocrx_word' id='word_1_88' title='bbox 375 1777 517 1852; x_wconf 86' lang='lat' dir='ltr'><strong>poterat,</strong></span> <span class='ocrx_word' id='word_1_89' title='bbox 542 1789 600 1830; x_wconf 86' lang='lat' dir='ltr'><strong>eeu</strong></span> <span class='ocrx_word' id='word_1_90' title='bbox 616 1767 867 1831; x_wconf 88' lang='lat' dir='ltr'><strong>coniunxerunt</strong></span> <span class='ocrx_word' id='word_1_91' title='bbox 888 1790 948 1832; x_wconf 82' lang='lat' dir='ltr'><strong>reu</strong></span> <span class='ocrx_word' id='word_1_92' title='bbox 977 1755 1193 1833; x_wconf 87' lang='lat' dir='ltr'><strong>miscuerunt.</strong></span> <span class='ocrx_word' id='word_1_93' title='bbox 1221 1768 1251 1853; x_wconf 91' lang='grc' dir='ltr'><strong>ι)</strong></span> 
     </span>
     <span class='ocr_line' id='line_1_14' title="bbox 221 1877 1251 1974; baseline 0.007 -31"><span class='ocrx_word' id='word_1_94' title='bbox 221 1877 261 1944; x_wconf 88' lang='lat' dir='ltr'><strong>In</strong></span> <span class='ocrx_word' id='word_1_95' title='bbox 289 1883 445 1974; x_wconf 82' lang='lat' dir='ltr'><strong>omnibus</strong></span> <span class='ocrx_word' id='word_1_96' title='bbox 461 1887 574 1948; x_wconf 87' lang='lat' dir='ltr'><strong>autem</strong></span> <span class='ocrx_word' id='word_1_97' title='bbox 593 1881 743 1945; x_wconf 87' lang='lat' dir='ltr'><strong>maxime</strong></span> <span class='ocrx_word' id='word_1_98' title='bbox 766 1880 817 1947; x_wconf 91' lang='lat' dir='ltr'><strong>illi</strong></span> <span class='ocrx_word' id='word_1_99' title='bbox 843 1903 921 1948; x_wconf 83' lang='lat' dir='ltr'><strong>suec</strong></span> <span class='ocrx_word' id='word_1_100' title='bbox 947 1905 982 1947; x_wconf 87' lang='lat' dir='ltr'><strong>se</strong></span> <span class='ocrx_word' id='word_1_101' title='bbox 999 1885 1146 1970; x_wconf 79' lang='lat' dir='ltr'><strong>probare</strong></span> <span class='ocrx_word' id='word_1_102' title='bbox 1173 1907 1251 1969; x_wconf 86' lang='lat' dir='ltr'><strong>gen·</strong></span> 
     </span>
     <span class='ocr_line' id='line_1_15' title="bbox 220 1997 1250 2087; baseline 0.005 -28"><span class='ocrx_word' id='word_1_103' title='bbox 220 1997 245 2059; x_wconf 82' lang='lat' dir='ltr'><strong>ti</strong></span> <span class='ocrx_word' id='word_1_104' title='bbox 262 1998 437 2066; x_wconf 83' lang='lat' dir='ltr'><strong>studebant</strong></span> <span class='ocrx_word' id='word_1_105' title='bbox 455 2000 508 2086; x_wconf 73' lang='grc' dir='ltr'><strong>α),</strong></span> <span class='ocrx_word' id='word_1_106' title='bbox 531 2019 641 2084; x_wconf 89' lang='lat' dir='ltr'><strong>neque</strong></span> <span class='ocrx_word' id='word_1_107' title='bbox 657 1999 789 2082; x_wconf 82' lang='lat' dir='ltr'><strong>ignoret</strong></span> <span class='ocrx_word' id='word_1_108' title='bbox 815 1999 1012 2084; x_wconf 85' lang='lat' dir='ltr'><strong>quisquam,</strong></span> <span class='ocrx_word' id='word_1_109' title='bbox 1033 2002 1068 2066; x_wconf 90' lang='lat' dir='ltr'><strong>in</strong></span> <span class='ocrx_word' id='word_1_110' title='bbox 1087 2002 1250 2087; x_wconf 79' lang='lat' dir='ltr'><strong>antiquis-</strong></span> 
     </span>
     <span class='ocr_line' id='line_1_16' title="bbox 220 2115 1249 2204; baseline 0.002 -24"><span class='ocrx_word' id='word_1_111' title='bbox 220 2116 305 2180; x_wconf 87' lang='lat' dir='ltr'><strong>sima</strong></span> <span class='ocrx_word' id='word_1_112' title='bbox 328 2117 386 2182; x_wconf 86' lang='lat' dir='ltr'><strong>illa</strong></span> <span class='ocrx_word' id='word_1_113' title='bbox 409 2128 441 2182; x_wconf 87' lang='lat' dir='ltr'><strong>et</strong></span> <span class='ocrx_word' id='word_1_114' title='bbox 464 2128 624 2204; x_wconf 83' lang='lat' dir='ltr'><strong>perpetua</strong></span> <span class='ocrx_word' id='word_1_115' title='bbox 647 2115 783 2182; x_wconf 88' lang='lat' dir='ltr'><strong>Durum</strong></span> <span class='ocrx_word' id='word_1_116' title='bbox 816 2129 849 2182; x_wconf 87' lang='lat' dir='ltr'><strong>et</strong></span> <span class='ocrx_word' id='word_1_117' title='bbox 881 2115 1006 2183; x_wconf 89' lang='lat' dir='ltr'><strong>lonum</strong></span> <span class='ocrx_word' id='word_1_118' title='bbox 1034 2118 1249 2204; x_wconf 81' lang='lat' dir='ltr'><strong>dimensione,</strong></span> 
     </span>
     <span class='ocr_line' id='line_1_17' title="bbox 220 2221 1249 2326; baseline 0.002 -26"><span class='ocrx_word' id='word_1_119' title='bbox 220 2255 376 2322; x_wconf 75' lang='lat' dir='ltr'><strong>magnam</strong></span> <span class='ocrx_word' id='word_1_120' title='bbox 396 2221 541 2301; x_wconf 55' lang='lat' dir='ltr'><strong>&#39;illorum</strong></span> <span class='ocrx_word' id='word_1_121' title='bbox 566 2245 696 2322; x_wconf 82' lang='lat' dir='ltr'><strong>partem</strong></span> <span class='ocrx_word' id='word_1_122' title='bbox 727 2255 802 2300; x_wconf 87' lang='lat' dir='ltr'><strong>sero</strong></span> <span class='ocrx_word' id='word_1_123' title='bbox 825 2235 963 2302; x_wconf 87' lang='lat' dir='ltr'><strong>demum</strong></span> <span class='ocrx_word' id='word_1_124' title='bbox 981 2235 1128 2306; x_wconf 81' lang='lat' dir='ltr'><strong>Homeri</strong></span> <span class='ocrx_word' id='word_1_125' title='bbox 1157 2237 1249 2326; x_wconf 82' lang='lat' dir='ltr'><strong>opud</strong></span> 
     </span>
    </p>
   </div>
   <div class='ocr_carea' id='block_1_3' title="bbox 219 2355 1250 2560">
    <p class='ocr_par' dir='ltr' id='par_1_5' title="bbox 219 2355 1250 2560">
     <span class='ocr_line' id='line_1_18' title="bbox 219 2355 672 2436; baseline 0.009 -20"><span class='ocrx_word' id='word_1_126' title='bbox 219 2375 254 2418; x_wconf 89' lang='lat' dir='ltr'><strong>se</strong></span> <span class='ocrx_word' id='word_1_127' title='bbox 269 2355 440 2420; x_wconf 74' lang='lat' dir='ltr'><strong>admisisse</strong></span> <span class='ocrx_word' id='word_1_128' title='bbox 457 2355 617 2419; x_wconf 83' lang='lat' dir='ltr'><strong>carmine.</strong></span> <span class='ocrx_word' id='word_1_129' title='bbox 636 2357 672 2436; x_wconf 79' lang='lat'><strong>3)</strong></span> 
     </span>
     <span class='ocr_line' id='line_1_19' title="bbox 322 2471 1250 2560; baseline 0.002 -22"><span class='ocrx_word' id='word_1_130' title='bbox 322 2471 417 2553; x_wconf 75' lang='lat' dir='ltr'><strong>Quae</strong></span> <span class='ocrx_word' id='word_1_131' title='bbox 434 2497 513 2542; x_wconf 84' lang='lat' dir='ltr'><strong>vero</strong></span> <span class='ocrx_word' id='word_1_132' title='bbox 542 2471 673 2560; x_wconf 82' lang='lat' dir='ltr'><strong>egregie</strong></span> <span class='ocrx_word' id='word_1_133' title='bbox 697 2471 892 2538; x_wconf 77' lang='lat' dir='ltr'><strong>Heraclides</strong></span> <span class='ocrx_word' id='word_1_134' title='bbox 920 2471 1078 2540; x_wconf 88' lang='lat' dir='ltr'><strong>Ponticus</strong></span> <span class='ocrx_word' id='word_1_135' title='bbox 1094 2473 1144 2560; x_wconf 76' lang='lat' dir='ltr'><strong>I),</strong></span> <span class='ocrx_word' id='word_1_136' title='bbox 1169 2496 1250 2540; x_wconf 90' lang='lat' dir='ltr'><strong>mu-</strong></span> 
     </span>
    </p>
   </div>
   <div class='ocr_carea' id='block_1_4' title="bbox 213 2678 1248 3404">
    <p class='ocr_par' dir='ltr' id='par_1_6' title="bbox 213 2678 1248 3404">
     <span class='ocr_line' id='line_1_20' title="bbox 221 2678 1246 2747; baseline 0.001 -15"><span class='ocrx_word' id='word_1_137' title='bbox 221 2680 246 2745; x_wconf 84' lang='lat' dir='ltr'><strong>r)</strong></span> <span class='ocrx_word' id='word_1_138' title='bbox 280 2681 348 2733; x_wconf 83' lang='lat' dir='ltr'><strong>Hsec</strong></span> <span class='ocrx_word' id='word_1_139' title='bbox 372 2684 431 2734; x_wconf 84' lang='lat' dir='ltr'><strong>satir</strong></span> <span class='ocrx_word' id='word_1_140' title='bbox 453 2683 521 2733; x_wconf 87' lang='lat' dir='ltr'><strong>clare</strong></span> <span class='ocrx_word' id='word_1_141' title='bbox 555 2680 632 2747; x_wconf 80' lang='lat' dir='ltr'><strong>ipsius</strong></span> <span class='ocrx_word' id='word_1_142' title='bbox 666 2678 791 2732; x_wconf 78' lang='lat' dir='ltr'><strong>Herodoti</strong></span> <span class='ocrx_word' id='word_1_143' title='bbox 807 2679 892 2731; x_wconf 78' lang='lat' dir='ltr'><strong>verbis</strong></span> <span class='ocrx_word' id='word_1_144' title='bbox 928 2680 1108 2746; x_wconf 80' lang='lat' dir='ltr'><strong>significantur.</strong></span> <span class='ocrx_word' id='word_1_145' title='bbox 1149 2679 1246 2747; x_wconf 84' lang='lat' dir='ltr'><strong>Quaeri</strong></span> 
     </span>
     <span class='ocr_line' id='line_1_21' title="bbox 218 2757 1248 2832; baseline -0.003 -17"><span class='ocrx_word' id='word_1_146' title='bbox 218 2777 303 2816; x_wconf 81' lang='lat' dir='ltr'><strong>rutam</strong></span> <span class='ocrx_word' id='word_1_147' title='bbox 319 2770 404 2832; x_wconf 81' lang='lat' dir='ltr'><strong>possit,</strong></span> <span class='ocrx_word' id='word_1_148' title='bbox 426 2785 511 2816; x_wconf 90' lang='lat' dir='ltr'><strong>annon</strong></span> <span class='ocrx_word' id='word_1_149' title='bbox 533 2765 675 2819; x_wconf 86' lang='lat' dir='ltr'><strong>incestuum</strong></span> <span class='ocrx_word' id='word_1_150' title='bbox 696 2776 721 2814; x_wconf 89' lang='lat' dir='ltr'><strong>et</strong></span> <span class='ocrx_word' id='word_1_151' title='bbox 735 2757 878 2829; x_wconf 71' lang='lat' dir='ltr'><strong>scelerum,</strong></span> <span class='ocrx_word' id='word_1_152' title='bbox 891 2763 982 2827; x_wconf 87' lang='lat' dir='ltr'><strong>quibus</strong></span> <span class='ocrx_word' id='word_1_153' title='bbox 1006 2763 1098 2814; x_wconf 77' lang='lat' dir='ltr'><strong>referta</strong></span> <span class='ocrx_word' id='word_1_154' title='bbox 1114 2775 1151 2814; x_wconf 87' lang='lat' dir='ltr'><strong>est</strong></span> <span class='ocrx_word' id='word_1_155' title='bbox 1171 2781 1248 2829; x_wconf 84' lang='lat' dir='ltr'><strong>groe-</strong></span> 
     </span>
     <span class='ocr_line' id='line_1_22' title="bbox 216 2839 1248 2922; baseline -0.003 -24"><span class='ocrx_word' id='word_1_156' title='bbox 216 2864 246 2898; x_wconf 84' lang='lat' dir='ltr'><strong>ca</strong></span> <span class='ocrx_word' id='word_1_157' title='bbox 285 2839 456 2916; x_wconf 71' lang='lat' dir='ltr'><strong>mythologie,</strong></span> <span class='ocrx_word' id='word_1_158' title='bbox 493 2847 681 2922; x_wconf 79' lang='lat' dir='ltr'><strong>inauditorum,</strong></span> <span class='ocrx_word' id='word_1_159' title='bbox 717 2862 808 2912; x_wconf 74' lang='lat' dir='ltr'><strong>magna</strong></span> <span class='ocrx_word' id='word_1_160' title='bbox 835 2861 892 2910; x_wconf 71' lang='lat' dir='ltr'><strong>pare</strong></span> <span class='ocrx_word' id='word_1_161' title='bbox 916 2846 948 2895; x_wconf 81' lang='lat' dir='ltr'><strong>ab</strong></span> <span class='ocrx_word' id='word_1_162' title='bbox 965 2846 1080 2896; x_wconf 83' lang='lat' dir='ltr'><strong>Homero</strong></span> <span class='ocrx_word' id='word_1_163' title='bbox 1118 2847 1248 2910; x_wconf 82' lang='lat' dir='ltr'><strong>sapienter</strong></span> 
     </span>
     <span class='ocr_line' id='line_1_23' title="bbox 217 2924 1246 2996; baseline -0.006 -18"><span class='ocrx_word' id='word_1_164' title='bbox 217 2931 312 2980; x_wconf 77' lang='lat' dir='ltr'><strong>omissa</strong></span> <span class='ocrx_word' id='word_1_165' title='bbox 339 2934 437 2996; x_wconf 79' lang='lat' dir='ltr'><strong>potius,</strong></span> <span class='ocrx_word' id='word_1_166' title='bbox 462 2949 539 2995; x_wconf 85' lang='lat' dir='ltr'><strong>quam</strong></span> <span class='ocrx_word' id='word_1_167' title='bbox 565 2930 697 2993; x_wconf 83' lang='lat' dir='ltr'><strong>atrrgicis</strong></span> <span class='ocrx_word' id='word_1_168' title='bbox 719 2929 787 2979; x_wconf 74' lang='lat' dir='ltr'><strong>illato</strong></span> <span class='ocrx_word' id='word_1_169' title='bbox 814 2928 841 2976; x_wconf 84' lang='lat' dir='ltr'><strong>io</strong></span> <span class='ocrx_word' id='word_1_170' title='bbox 866 2943 921 2978; x_wconf 83' lang='lat' dir='ltr'><strong>eam</strong></span> <span class='ocrx_word' id='word_1_171' title='bbox 950 2941 976 2978; x_wconf 90' lang='lat' dir='ltr'><strong>et</strong></span> <span class='ocrx_word' id='word_1_172' title='bbox 1000 2928 1103 2979; x_wconf 80' lang='lat' dir='ltr'><strong>invente</strong></span> <span class='ocrx_word' id='word_1_173' title='bbox 1127 2929 1170 2976; x_wconf 79' lang='lat' dir='ltr'><strong>sit·</strong></span> <span class='ocrx_word' id='word_1_174' title='bbox 1196 2924 1246 2987; x_wconf 75' lang='lat' dir='ltr'><strong>(ei.</strong></span> 
     </span>
     <span class='ocr_line' id='line_1_24' title="bbox 216 3007 1248 3076; baseline 0.001 -18"><span class='ocrx_word' id='word_1_175' title='bbox 216 3007 296 3060; x_wconf 81' lang='lat' dir='ltr'><strong>Hom·</strong></span> <span class='ocrx_word' id='word_1_176' title='bbox 322 3015 367 3062; x_wconf 84' lang='lat' dir='ltr'><strong>vit.</strong></span> <span class='ocrx_word' id='word_1_177' title='bbox 396 3013 436 3062; x_wconf 89' lang='lat' dir='ltr'><strong>ed.</strong></span> <span class='ocrx_word' id='word_1_178' title='bbox 467 3013 531 3071; x_wconf 82' lang='lat' dir='ltr'><strong>Ern.</strong></span> <span class='ocrx_word' id='word_1_179' title='bbox 554 3029 581 3076; x_wconf 79' lang='lat' dir='ltr'><strong>p.</strong></span> <span class='ocrx_word' id='word_1_180' title='bbox 609 3008 665 3059; x_wconf 84' lang='lat'><strong>256.</strong></span> <span class='ocrx_word' id='word_1_181' title='bbox 692 3023 717 3059; x_wconf 87' lang='lat' dir='ltr'><strong>et</strong></span> <span class='ocrx_word' id='word_1_182' title='bbox 740 3008 867 3060; x_wconf 72' lang='lat' dir='ltr'><strong>Plutarch.</strong></span> <span class='ocrx_word' id='word_1_183' title='bbox 885 3011 963 3061; x_wconf 84' lang='lat' dir='ltr'><strong>Ther.</strong></span> <span class='ocrx_word' id='word_1_184' title='bbox 979 3008 1066 3072; x_wconf 86' lang='lat' dir='ltr'><strong>XVI.)</strong></span> <span class='ocrx_word' id='word_1_185' title='bbox 1095 3009 1171 3060; x_wconf 89' lang='lat' dir='ltr'><strong>Certe</strong></span> <span class='ocrx_word' id='word_1_186' title='bbox 1187 3009 1248 3059; x_wconf 83' lang='lat' dir='ltr'><strong>alias</strong></span> 
     </span>
     <span class='ocr_line' id='line_1_25' title="bbox 214 3090 1247 3156; baseline 0.001 -17"><span class='ocrx_word' id='word_1_187' title='bbox 214 3091 320 3142; x_wconf 57' lang='lat' dir='ltr'><strong>fabulas*</strong></span> <span class='ocrx_word' id='word_1_188' title='bbox 332 3093 531 3156; x_wconf 74' lang='lat' dir='ltr'><strong>retinuerimus,</strong></span> <span class='ocrx_word' id='word_1_189' title='bbox 550 3103 579 3142; x_wconf 85' lang='grc' dir='ltr'><strong>ιιι</strong></span> <span class='ocrx_word' id='word_1_190' title='bbox 595 3090 710 3153; x_wconf 87' lang='lat' dir='ltr'><strong>videtur,</strong></span> <span class='ocrx_word' id='word_1_191' title='bbox 728 3093 835 3141; x_wconf 83' lang='lat' dir='ltr'><strong>consilio</strong></span> <span class='ocrx_word' id='word_1_192' title='bbox 858 3096 1045 3156; x_wconf 80' lang='lat' dir='ltr'><strong>praetermissae</strong></span> <span class='ocrx_word' id='word_1_193' title='bbox 1062 3091 1095 3142; x_wconf 83' lang='lat' dir='ltr'><strong>ab</strong></span> <span class='ocrx_word' id='word_1_194' title='bbox 1116 3091 1247 3150; x_wconf 82' lang='lat' dir='ltr'><strong>Homero,</strong></span> 
     </span>
     <span class='ocr_line' id='line_1_26' title="bbox 214 3164 1247 3239; baseline 0.002 -17"><span class='ocrx_word' id='word_1_195' title='bbox 214 3175 292 3222; x_wconf 85' lang='lat' dir='ltr'><strong>etiam</strong></span> <span class='ocrx_word' id='word_1_196' title='bbox 318 3175 467 3225; x_wconf 80' lang='lat' dir='ltr'><strong>ArIetoteler</strong></span> <span class='ocrx_word' id='word_1_197' title='bbox 505 3175 626 3239; x_wconf 78' lang='lat' dir='ltr'><strong>significat</strong></span> <span class='ocrx_word' id='word_1_198' title='bbox 653 3171 738 3238; x_wconf 85' lang='lat' dir='ltr'><strong>(poet.</strong></span> <span class='ocrx_word' id='word_1_199' title='bbox 756 3170 829 3222; x_wconf 86' lang='lat' dir='ltr'><strong>VIII·</strong></span> <span class='ocrx_word' id='word_1_200' title='bbox 851 3175 877 3225; x_wconf 71' lang='grc' dir='ltr'><strong>ὅ.</strong></span> <span class='ocrx_word' id='word_1_201' title='bbox 899 3175 931 3222; x_wconf 81' lang='lat' dir='ltr'><strong>oi.</strong></span> <span class='ocrx_word' id='word_1_202' title='bbox 959 3174 1078 3224; x_wconf 78' lang='lat' dir='ltr'><strong>strabon.</strong></span> <span class='ocrx_word' id='word_1_203' title='bbox 1099 3173 1133 3237; x_wconf 88' lang='lat' dir='ltr'><strong>X,</strong></span> <span class='ocrx_word' id='word_1_204' title='bbox 1161 3175 1185 3234; x_wconf 71' lang='lat'><strong>4,</strong></span> <span class='ocrx_word' id='word_1_205' title='bbox 1206 3164 1247 3238; x_wconf 76' lang='lat' dir='ltr'><strong>d.)</strong></span> 
     </span>
     <span class='ocr_line' id='line_1_27' title="bbox 216 3253 1248 3322; baseline -0.004 -14"><span class='ocrx_word' id='word_1_206' title='bbox 216 3257 366 3322; x_wconf 77' lang='lat' dir='ltr'><strong>Comparari</strong></span> <span class='ocrx_word' id='word_1_207' title='bbox 406 3273 465 3306; x_wconf 88' lang='lat' dir='ltr'><strong>curn</strong></span> <span class='ocrx_word' id='word_1_208' title='bbox 489 3255 527 3306; x_wconf 86' lang='lat' dir='ltr'><strong>his</strong></span> <span class='ocrx_word' id='word_1_209' title='bbox 550 3253 674 3304; x_wconf 72' lang='lat' dir='ltr'><strong>Pindarus</strong></span> <span class='ocrx_word' id='word_1_210' title='bbox 697 3267 792 3318; x_wconf 83' lang='lat' dir='ltr'><strong>potest,</strong></span> <span class='ocrx_word' id='word_1_211' title='bbox 827 3270 859 3305; x_wconf 81' lang='lat' dir='ltr'><strong>ex</strong></span> <span class='ocrx_word' id='word_1_212' title='bbox 884 3257 994 3321; x_wconf 80' lang='lat' dir='ltr'><strong>uutIquIs</strong></span> <span class='ocrx_word' id='word_1_213' title='bbox 1021 3256 1114 3308; x_wconf 70' lang='lat' dir='ltr'><strong>tabunt</strong></span> <span class='ocrx_word' id='word_1_214' title='bbox 1143 3253 1248 3322; x_wconf 78' lang='lat' dir='ltr'><strong>indigna</strong></span> 
     </span>
     <span class='ocr_line' id='line_1_28' title="bbox 213 3333 921 3404; baseline -0.001 -15"><span class='ocrx_word' id='word_1_215' title='bbox 213 3337 343 3403; x_wconf 80' lang='lat' dir='ltr'><strong>foedaque</strong></span> <span class='ocrx_word' id='word_1_216' title='bbox 368 3355 502 3390; x_wconf 79' lang='lat' dir='ltr'><strong>removere</strong></span> <span class='ocrx_word' id='word_1_217' title='bbox 514 3337 635 3403; x_wconf 68' lang='lat' dir='ltr'><strong>&#39;rupicum</strong></span> <span class='ocrx_word' id='word_1_218' title='bbox 658 3335 716 3398; x_wconf 84' lang='lat' dir='ltr'><strong>(Ol.</strong></span> <span class='ocrx_word' id='word_1_219' title='bbox 736 3336 766 3398; x_wconf 92' lang='lat'><strong>1,</strong></span> <span class='ocrx_word' id='word_1_220' title='bbox 783 3333 825 3388; x_wconf 78' lang='lat'><strong>55.</strong></span> <span class='ocrx_word' id='word_1_221' title='bbox 847 3337 921 3404; x_wconf 82' lang='lat' dir='ltr'><strong>sqq.)</strong></span> 
     </span>
    </p>
   </div>
   <div class='ocr_carea' id='block_1_5' title="bbox 214 3467 1245 3618">
    <p class='ocr_par' dir='ltr' id='par_1_7' title="bbox 214 3467 1245 3618">
     <span class='ocr_line' id='line_1_29' title="bbox 214 3467 1245 3538; baseline 0.001 -16"><span class='ocrx_word' id='word_1_222' title='bbox 214 3469 240 3538; x_wconf 73' lang='lat' dir='ltr'><strong>u)</strong></span> <span class='ocrx_word' id='word_1_223' title='bbox 274 3470 330 3522; x_wconf 88' lang='lat' dir='ltr'><strong>Hcc</strong></span> <span class='ocrx_word' id='word_1_224' title='bbox 362 3471 471 3522; x_wconf 88' lang='lat' dir='ltr'><strong>oblitum</strong></span> <span class='ocrx_word' id='word_1_225' title='bbox 497 3467 660 3522; x_wconf 76' lang='lat' dir='ltr'><strong>Plutarchum</strong></span> <span class='ocrx_word' id='word_1_226' title='bbox 686 3467 820 3520; x_wconf 78' lang='lat' dir='ltr'><strong>ridemur:</strong></span> <span class='ocrx_word' id='word_1_227' title='bbox 842 3471 882 3522; x_wconf 85' lang='lat' dir='ltr'><strong>De</strong></span> <span class='ocrx_word' id='word_1_228' title='bbox 926 3468 1051 3522; x_wconf 81' lang='lat' dir='ltr'><strong>Herodoti</strong></span> <span class='ocrx_word' id='word_1_229' title='bbox 1087 3469 1245 3536; x_wconf 76' lang='lat' dir='ltr'><strong>malignitate</strong></span> 
     </span>
     <span class='ocr_line' id='line_1_30' title="bbox 214 3553 318 3618; baseline 0.019 -12"><span class='ocrx_word' id='word_1_230' title='bbox 214 3569 242 3618; x_wconf 85' lang='lat' dir='ltr'><strong>p.</strong></span> <span class='ocrx_word' id='word_1_231' title='bbox 260 3553 318 3608; x_wconf 75' lang='lat' dir='ltr'><strong>tot</strong></span> 
     </span>
    </p>
   </div>
   <div class='ocr_carea' id='block_1_6' title="bbox 212 3681 1245 3836">
    <p class='ocr_par' dir='ltr' id='par_1_8' title="bbox 212 3681 1245 3836">
     <span class='ocr_line' id='line_1_31' title="bbox 212 3681 1245 3754; baseline 0.001 -16"><span class='ocrx_word' id='word_1_232' title='bbox 212 3682 239 3749; x_wconf 77' lang='grc'><strong>5)</strong></span> <span class='ocrx_word' id='word_1_233' title='bbox 273 3681 501 3754; x_wconf 80' lang='lat' dir='ltr'><strong>Thucyd·II,15.</strong></span> <span class='ocrx_word' id='word_1_234' title='bbox 523 3687 546 3748; x_wconf 90' lang='lat'><strong>1,</strong></span> <span class='ocrx_word' id='word_1_235' title='bbox 564 3683 589 3736; x_wconf 82' lang='grc'><strong>6.</strong></span> <span class='ocrx_word' id='word_1_236' title='bbox 612 3685 659 3748; x_wconf 82' lang='lat' dir='ltr'><strong>vt,</strong></span> <span class='ocrx_word' id='word_1_237' title='bbox 683 3685 724 3736; x_wconf 81' lang='lat'><strong>82.</strong></span> <span class='ocrx_word' id='word_1_238' title='bbox 743 3683 775 3733; x_wconf 86' lang='lat' dir='ltr'><strong>cl.</strong></span> <span class='ocrx_word' id='word_1_239' title='bbox 790 3685 908 3737; x_wconf 79' lang='lat' dir='ltr'><strong>Strobon.</strong></span> <span class='ocrx_word' id='word_1_240' title='bbox 932 3681 1007 3746; x_wconf 87' lang='lat' dir='ltr'><strong>VIII,</strong></span> <span class='ocrx_word' id='word_1_241' title='bbox 1030 3699 1094 3750; x_wconf 83' lang='lat'><strong>7,1.</strong></span> <span class='ocrx_word' id='word_1_242' title='bbox 1111 3697 1136 3738; x_wconf 95' lang='lat' dir='ltr'><strong>et</strong></span> <span class='ocrx_word' id='word_1_243' title='bbox 1158 3685 1245 3740; x_wconf 83' lang='lat' dir='ltr'><strong>Hero·</strong></span> 
     </span>
     <span class='ocr_line' id='line_1_32' title="bbox 212 3765 830 3836; baseline 0 -18"><span class='ocrx_word' id='word_1_244' title='bbox 212 3765 265 3820; x_wconf 86' lang='lat' dir='ltr'><strong>dct·</strong></span> <span class='ocrx_word' id='word_1_245' title='bbox 279 3765 312 3832; x_wconf 86' lang='lat' dir='ltr'><strong>V,</strong></span> <span class='ocrx_word' id='word_1_246' title='bbox 331 3767 372 3836; x_wconf 82' lang='lat'><strong>67.</strong></span> <span class='ocrx_word' id='word_1_247' title='bbox 394 3771 426 3821; x_wconf 83' lang='lat' dir='ltr'><strong>cf.</strong></span> <span class='ocrx_word' id='word_1_248' title='bbox 443 3767 512 3820; x_wconf 85' lang='lat' dir='ltr'><strong>Max.</strong></span> <span class='ocrx_word' id='word_1_249' title='bbox 528 3769 594 3834; x_wconf 73' lang='lat' dir='ltr'><strong>Tyr.</strong></span> <span class='ocrx_word' id='word_1_250' title='bbox 611 3767 672 3821; x_wconf 79' lang='lat' dir='ltr'><strong>dios.</strong></span> <span class='ocrx_word' id='word_1_251' title='bbox 687 3768 783 3832; x_wconf 81' lang='lat' dir='ltr'><strong>XXIII,</strong></span> <span class='ocrx_word' id='word_1_252' title='bbox 805 3767 830 3818; x_wconf 89' lang='lat'><strong>5.</strong></span> 
     </span>
    </p>
   </div>
   <div class='ocr_carea' id='block_1_7' title="bbox 211 3883 717 3971">
    <p class='ocr_par' dir='ltr' id='par_1_9' title="bbox 211 3883 717 3971">
     <span class='ocr_line' id='line_1_33' title="bbox 211 3883 717 3971; baseline 0.002 -20"><span class='ocrx_word' id='word_1_253' title='bbox 211 3899 238 3964; x_wconf 77' lang='lat'><strong>4)</strong></span> <span class='ocrx_word' id='word_1_254' title='bbox 271 3919 312 3968; x_wconf 79' lang='lat' dir='ltr'><strong>ep.</strong></span> <span class='ocrx_word' id='word_1_255' title='bbox 328 3898 422 3954; x_wconf 79' lang='lat' dir='ltr'><strong>Athen·</strong></span> <span class='ocrx_word' id='word_1_256' title='bbox 445 3901 533 3970; x_wconf 82' lang='lat' dir='ltr'><strong>deipn.</strong></span> <span class='ocrx_word' id='word_1_257' title='bbox 549 3921 575 3971; x_wconf 83' lang='lat' dir='ltr'><strong>p.</strong></span> <span class='ocrx_word' id='word_1_258' title='bbox 594 3901 654 3957; x_wconf 72' lang='lat' dir='ltr'><strong>fiat.</strong></span> <span class='ocrx_word' id='word_1_259' title='bbox 678 3883 717 3968; x_wconf 50' lang='lat' dir='ltr'><strong>aqi</strong></span> 
     </span>
    </p>
   </div>
   <div class='ocr_carea' id='block_1_8' title="bbox 0 0 1442 4704">
    <p class='ocr_par' dir='ltr' id='par_1_10' title="bbox 0 0 1442 4704">
     <span class='ocr_line' id='line_1_34' title="bbox 0 0 1442 4704; baseline 0 6"><span class='ocrx_word' id='word_1_260' title='bbox 0 0 1442 4704; x_wconf 95' lang='lat' dir='ltr'><strong> </strong></span> 
     </span>
    </p>
   </div>
  </div>
 </body>
</html>
