2894 4700
429 553 894 694 uoueret

150 912 256 1053 Ques
280 942 316 1009 in
335 941 396 1008 hae
426 929 596 1029 trsgdedie
626 911 812 1042 Sophoeles
832 935 1022 1029 exposuit,
1039 941 1182 1038 poenss‚'

147 1081 205 1150 per
225 1061 393 1146 Orestem,
417 1059 590 1146 Apollinis
612 1060 716 1144 iussu,
736 1057 779 1122 ab
805 1055 1083 1153 Clytaemnestra,
1104 1091 1175 1136 ma.

148 1191 197 1244 tre
220 1191 252 1245 et
276 1179 460 1264 Aegistho,
484 1168 589 1265 petria
615 1175 913 1263 interfectoribus,'
927 1181 1070 1268 sumtus,
1096 1189 1182 1253 ’ωε-ι’

147 1297 221 1362 dem
239 1310 273 1362 et
287 1297 478 1385 Aeschylus
488 1299 524 1360 in
541 1295 755 1382 Ohoephoria
772 1304 803 1357 et
820 1289 1001 1396 Enn'pides
1019 1299 1055 1366 in
1072 1295 1174 1371 Elee-

146 1427 195 1481 tra
225 1437 283 1481 sus
315 1417 491 1500 tractavit,
525 1433 668 1500 raraque
700 1411 862 1477 felicitate
890 1415 1034 1504 'contigit
1059 1419 1185 1514 nobis,'

145 1517 269 1600 υίῘΙῚαο
299 1553 436 1622 quoque
459 1531 593 1599 fabulae
615 1531 658 1597 sd
682 1551 744 1596 uoe
765 1535 993 1620 pervenerint,
1016 1547 1116 1627 atque
1140 1545 1177 1612 in

148 1653 435 1738 computationem
461 1649 554 1717 haud
584 1649 806 1718 iniucundum
831 1647 985 1716 adhiberi
1008 1673 1087 1724 cum
1109 1662 1175 1727 So·

146 1771 274 1861 phoelis
289 1771 423 1838 Electra
447 1771 586 1860 possint.
627 1767 741 1848 Quod
756 1789 834 1833 cum
858 1768 1005 1838 breviter
1023 1763 1184 1868 'quidemj

146 1891 201 1956 sed
229 1889 400 1979 p'reeelare
419 1887 544 1957 laetum
576 1887 618 1955 eit
642 1909 660 1954 e
684 1885 870 1974 Schlegelio
892 1893 944 1972 al:
966 1913 1028 1958 nus
1048 1897 1089 1961 de
1110 1899 1176 1966 illis

146 2009 271 2075 fabulis
309 2009 365 2074 hie
386 2021 517 2075 tantum
550 2027 655 2096 pauca
683 2005 848 2093 quaedam
871 2011 1104 2099 eppenimue,
1131 2038 1175 2083 ex

151 2130 247 2196 omni
277 2127 424 2193 instituti
449 2127 556 2193 nostri
586 2127 717 2192 ratione
743 2121 937 2194 necessaria.
1147 2125 1150 2134 ’

247 2245 366 2335 Atque
388 2245 582 2334 Aeschylus
608 2243 765 2332 quidem,
788 2258 826 2313 ut
858 2247 895 2312 in
922 2245 1079 2317 omnibus
1107 2254 1176 2319 suis

145 2363 280 2450 fabulis,
303 2385 381 2450 una,
406 2364 620 2448 Prometheo,
645 2375 795 2451 excepta,
817 2365 1062 2452 magisteriam
1087 2371 1178 2460 ipsa·

146 2505 227 2553 rum
259 2482 333 2546 vim
355 2481 518 2568 tragicam
549 2480 712 2566 exponit,
734 2499 836 2567 quam
854 2503 1076 2572 personarum
1101 2511 1179 2558 mo·

143 2623 199 2670 res
235 2612 268 2665 et
292 2599 465 2685 ingenium
493 2596 662 2684 depingit:
692 2599 738 2663 its
767 2601 867 2666 etiam
896 2602 1178 2691 Ohoephorerum

145 2740 316 2787 summum
350 2718 387 2782 in
415 2701 496 2807 ipsis
512 2716 799 2801 Clytaemnestree
826 2731 858 2782 et
884 2719 1037 2805 Aegisthi
1063 2723 1179 2812 poeuis'

144 2841 270 2926 posuit,
286 2858 346 2926 per
364 2835 517 2903 Orestem
549 2833 682 2899 exectie
725 2831 839 2911 Quare
865 2847 996 2904 tantum
1018 2839 1120 2927 ebesa,
1143 2857 1181 2911 ut

146 2961 302 3027 Electrae
341 2955 469 3044 primes
498 2963 611 3044 perles
638 2952 785 3040 dederit,
809 2966 848 3020 ut
873 2977 979 3046 prope
1008 2964 1183 3047 graviores

143 3079 271 3143 ehorus
288 3074 418 3141 hebent.
461 3075 599 3163 Neque,
622 3085 846 3162 praeteream
869 3075 932 3140 elis
949 3053 1180 3163 Agamemness

143 3197 200 3263 nis
226 3194 361 3261 inducte
384 3193 470 3279 filia,
494 3215 538 3261 ex
563 3215 700 3259 morum
730 3190 917 3260 differentia
942 3214 1183 3269 ornamentum
1264 3273 1267 3288 ,

143 3313 288 3403 aliquod
308 3313 443 3379 fabulae
469 3311 651 3400 quaesivit,
674 3312 749 3396 sed,
773 3333 836 3398 pro
871 3311 1081 3402 simplicitete
1112 3341 1184 3406 sue,

141 3455 222 3501 rem
247 3453 382 3498 omnem
400 3431 442 3496 ad
460 3429 614 3497 Orestem
633 3443 665 3494 et
681 3429 848 3495 Electram
869 3431 994 3498 retulit.
1040 3437 1176 3505 Orestes

143 3563 276 3638 autem,
297 3550 391 3616 nulla
409 3569 490 3616 usus
509 3561 597 3634 arte,
619 3547 721 3614 simul
741 3564 839 3634 etque
858 3553 995 3635 ognovit
1016 3575 1182 3644 sororem,

145 3723 174 3789 ι)
195 3723 229 3774 In
242 3723 261 3771 1.
274 3722 292 3772 l.
308 3735 371 3776 mm.
384 3723 406 3774 1.
420 3742 446 3790 p.
461 3738 518 3778 ιιι.
530 3741 590 3792 sqq.
605 3723 661 3776 Nee
678 3737 763 3776 tamen
775 3687 840 3774 mihi
857 3719 962 3790 quidem
985 3726 1116 3794 probabile
1132 3741 1183 3792 est,

142 3803 224 3871 quod
245 3803 358 3868 plerique
386 3819 505 3869 sumunt,
528 3807 663 3871 Sophoclis
692 3803 820 3857 Electram
854 3820 913 3860 suae
930 3807 1099 3876 Euripidem
1129 3829 1184 3862 esse

138 3887 255 3940 edium.
506 3911 508 3914 ·

841 3931 936 4050 el¹
