2894 4700
1113 295 1196 387 255

165 473 206 542 ad
234 473 383 542 diverbia
417 453 595 558 venerunt,
616 473 817 560 repetuntur
840 469 1023 570 quaedam,
1044 470 1112 540 iarn
1135 497 1197 542 an-

164 608 228 683 tea,
257 593 376 681 lyricis
393 592 508 658 metril
535 586 748 677 et'canendo‚
767 588 905 678 prolata.
953 589 1087 659 Chorus
1106 597 1197 664 enirn

165 715 229 801 bis,
249 735 327 800 erga
353 710 522 776 Electram
547 707 781 777 benevolentia
802 731 861 775 aua
871 709 1025 798 motum,
1040 735 1074 777 se
1096 723 1198 803 roga.

162 855 201 900 re
233 853 305 898 eam
332 830 428 917 dicit,
468 849 510 895 ne
537 829 683 895 nimium
716 827 827 894 dolori
863 846 924 894 auo
954 827 1063 918 cedat,
1091 846 1220 918 atque·

165 951 300 1016 Electra
324 948 579 1038 gravissimaiae
610 947 652 1013 ad
678 946 713 1012 id
736 945 811 1034 cogi
848 949 1038 1016 necessitate
1066 953 1198 1040 repetit.
1268 954 1271 957 ’

165 1067 262 1149 Quae
278 1071 335 1157 qui
352 1069 434 1136 vitio
453 1080 583 1134 vertere
601 1063 764 1154 Sophocli
782 1065 942 1152 voluerit,
961 1077 1041 1134 ‘eum
1059 1088 1198 1138 omnem

158 1189 366 1254 'dramaticae
397 1187 476 1284 artis
508 1185 599 1275 apud
630 1183 779 1250 Graecos
813 1181 1068 1258 institutionem,
1096 1211 1196 1278 opor.

159 1307 245 1373 tebit
270 1306 525 1396 reprehendere.
572 1303 674 1388 Nam,
692 1323 771 1368 cnm
793 1303 960 1392 principio
976 1312 1046 1370 tota
1066 1307 1199 1394 tragoe-

159 1427 216 1494 dia
248 1427 360 1494 choris
396 1435 430 1489 et
472 1396 900 1505 cantibua'contineretur:
935 1422 1034 1488 etiam
1074 1437 1197 1516 postea,

161 1539 652 1614 diverbiorum'vicissitudine
676 1539 743 1604 iam
769 1541 920 1638 manime
944 1523 1087 1630 ¹exculta,
1110 1543 1198 1613 cbo·

159 1685 232 1748 rua,
267 1684 310 1728 ex
337 1658 480 1748 pristina
504 1662 623 1724 natura
648 1679 718 1744 aua,
741 1667 876 1724 tanturn
895 1659 1052 1750 retinuit,
1083 1655 1128 1729 'ut'
1156 1665 1193 1732 in

160 1779 236 1848 'aliia
270 1779 406 1868 quidem
435 1799 514 1842 cum
542 1767 671 1844 actione
695 1775 1003 1866 coniunctissimus,
1025 1779 1097 1847 imo
1121 1783 1199 1872 'ipse

164 1907 262 1966 actor
284 1908 387 1986 eeaet3
410 1898 446 1963 in
470 1895 543 1962 aliie
559 1895 677 1962 'autem
713 1894 754 1960 ab
771 1915 824 1962 fea
856 1895 1025 1986 reparatus
1051 1898 1197 1970 babere*

162 2029 242 2105 tur,
263 2015 468 2106 plerumque
495 2013 702 2082 moderatior
734 2025 767 2080 et
800 2015 982 2102 sapientior
1014 2019 1203 2112 agentibus„

160 2138 203 2204 ad
232 2136 455 2226 probitatem,
483 2135 666 2222 iustitium,
688 2135 842 2222 pietatem
879 2134 1074 2204 hominibus
1099 2163 1197 2207 com-

158 2257 387 2325 mendandam
421 2254 622 2343 aptissimus.
666 2249 717 2318 Ut
745 2273 830 2319 vero
857 2266 983 2341 metra,
1012 2256 1134 2344 quibus
1159 2259 1197 2328 in

158 2375 311 2440 canendo
339 2353 462 2438 chorus
490 2374 664 2451 utebatur,
685 2371 806 2458 lyrica,
830 2371 1027 2440 differebant
1049 2397 1068 2440 a
1089 2375 1196 2443 collo-

161 2493 341 2581 quentium
378 2499 413 2555 et
439 2491 608 2577 agentium
642 2489 776 2554 metris:
807 2487 852 2554 ita
889 2513 960 2558 non
998 2492 1196 2567 dubitabant

168 2622 285 2700 poetae
311 2609 418 2674 multa
451 2606 644 2674 canentibus
671 2606 838 2690 tribuere,
861 2631 946 2696 quae
973 2609 1011 2676 in
1035 2611 1196 2684 diverbiia

165 2741 224 2794 aut
255 2729 322 2794 iam
349 2738 443 2793 erant
478 2727 565 2792 dicta
597 2735 656 2792 aut
691 2737 803 2813 postea
843 2723 1057 2815 dicebantur,
1080 2729 1196 2798 idem-

161 2846 316 2936 quesibi
349 2845 453 2914 licere
485 2846 585 2910 etiam
615 2857 696 2910 tnnc
730 2827 913 2932 putabant,
944 2869 1023 2913 cnm
1057 2843 1194 2942 actores,2

160 2966 298 3055 gravius
324 2965 587 3054 ‚perturbatione
617 2964 731 3051 aliqua
757 2963 911 3048 excitati,
933 2965 974 3031 ad
1006 2966 1196 3057 lyricorum

159 3097 351 3152 metrorum
393 3084 636 3152 sublimitatem
676 3094 709 3148 et
744 3086 1007 3152 commotionem
1043 3109 1196 3179 assurge·

159 3204 249 3270 bant.
285 3201 447 3270 Constant
461 3203 550 3269 inter
566 3223 682 3268 omnea
697 3201 734 3267 in
751 3199 1072 3302 choro'inatrueado
1092 3205 1197 3277 Grae-

165 3345 223 3389 cae
249 3323 439 3410 tragoediae
464 3322 662 3387 triumviroa
690 3318 765 3383 illos
803 3319 1061 3390 diversissimam
1092 3331 1196 3395 ratio·

160 3449 239 3508 nem
269 3453 400 3510 secutos
428 3463 510 3526 esae3
532 3439 588 3506 sed
613 3438 714 3504 buius
738 3435 893 3504 licentiae
917 3443 1072 3532 exempla
1102 3447 1225 3533 apud
1284 3464 1287 3470 ’

162 3570 278 3625 omnes
320 3559 542 3628 inveniuntur
565 3561 608 3644 1).
652 3555 748 3636 Quae
766 3557 902 3643 quidem
939 3581 1016 3626 cum
1041 3563 1082 3630 ad
1108 3560 1196 3631 Vol-

160 3677 237 3742 tarii
252 3677 350 3744 iatam
362 3678 658 3767 reprehensionem
671 3675 822 3743 sufficere
842 3675 1043 3746 videantur:
1067 3694 1192 3748 cetero·

165 3851 190 3914 r)
209 3849 242 3900 cl.
261 3847 354 3902 Aeacb.
376 3851 446 3920 Sept.
466 3850 525 3905 adv·
543 3853 647 3908 Tbebb·
670 3855 725 3908 init.
742 3850 824 3920 Sopb.
839 3850 979 3906 Trachina.
1000 3853 1054 3906 init.
1072 3851 1137 3906 Oed.
1157 3855 1195 3933 Β,

161 3934 217 3987 init.
235 3933 324 4000 nurtp.
340 3933 441 4002 Hippot.
458 3933 514 3987 tnta.
