2876 4704
1139 333 1189 418 ι9

162 485 234 543 tare
256 499 293 544 ea
313 479 458 546 Vatrius
482 480 619 568 potuit,
642 477 698 570 qui
720 477 756 546 in
774 477 854 548 actis
876 477 1081 544 Academiae
1101 479 1194 546 Pari-

160 595 277 662 sienais
310 607 352 662 ab
383 572 657 682 inscriptionibus
696 599 738 668 de
774 596 966 684 tragoediae
995 596 1122 683 origine
1156 609 1188 662 et

157 714 396 802 progressione
419 715 608 802 disputans,
632 717 735 782 multa
759 716 842 782 bene
865 727 1009 804 apteque
1031 713 1193 801 explana·

159 831 211 896 vit
235 832 394 919 quidem,
424 835 460 900 in
487 835 659 901 nonnullis
690 847 802 901 autem
825 832 1024 900 eruditionis
1046 833 1192 921 speciem

158 949 285 1014 scilicet
305 953 485 1040 molestam,
509 955 611 1020 nimis
632 952 762 1040 fugiens
792 975 811 1019 a
834 953 979 1019 levitatis
1003 963 1104 1040 atque
1123 951 1191 1018 lea·

157 1069 326 1138 tinctionis
346 1077 487 1139 crimine
508 1075 612 1161 egisse
633 1074 735 1161 paulo
757 1073 905 1140 securius
933 1073 1083 1146 videtur.
1115 1072 1191 1137 Nu·
1234 1062 1237 1070 '

160 1202 221 1274 per
242 1213 338 1279 vero,
362 1215 438 1257 cum
456 1192 515 1256 diu
540 1215 593 1258 res
616 1193 784 1278 iacuisset,
807 1195 970 1277 tanquam
992 1203 1063 1256 acta
1085 1203 1118 1255 et
1136 1181 1190 1255 iu·

158 1303 279 1393 dicata,
315 1314 436 1376 Petrus
472 1309 758 1396 Kanngiesserus,
781 1314 838 1376 vir
859 1311 976 1374 doctus
1006 1320 1040 1376 et
1062 1321 1188 1394 acutus,
1238 1334 1240 1345 ’

154 1427 196 1492 do
218 1429 325 1493 veteri
345 1428 520 1493 comoedia
546 1427 657 1491 Attica
677 1427 827 1491 instituta
852 1429 1055 1513 quaestione,
1086 1427 1186 1494 etiam

153 1545 348 1630 tragoediae
382 1544 479 1607 initia
514 1543 628 1606 denuo
667 1543 901 1628 perlustravit,
933 1547 968 1610 in
1007 1546 1188 1632 multisque

157 1659 316 1724 Bentleio
348 1659 545 1746 assentiens,
585 1655 650 1723 alia
682 1657 782 1745 plura
812 1669 973 1744 tanquam
1008 1661 1187 1730 certissima

158 1775 303 1862 protulit
324 1775 413 1863 talia,
436 1777 570 1863 quaesi
593 1775 733 1864 probari
754 1787 909 1865 possent,
932 1797 1081 1865 omnem,
1104 1803 1189 1868 quae

160 1895 269 1959 adhuc
285 1882 450 1983 obtinuit,
474 1895 514 1962 de
535 1895 599 1962 hac
615 1917 653 1962 re
675 1895 870 1983 opinionem
894 1897 1025 1984 ponitus
1047 1921 1188 1986 pemer-

78 2032 80 2038 ’
157 2023 278 2079 terent.
321 2013 444 2103 Neque
460 2016 568 2082 multo
591 2026 666 2103 post
688 2037 765 2081 eum
784 2015 978 2104 Guilelmus
1001 2015 1200 2087 Schneide-·

155 2155 233 2218 rus,
257 2135 310 2202 vir
330 2135 546 2222 clarissimus,
568 2137 610 2202 de
634 2135 821 2222 originibus
843 2136 1030 2222 tragoediae
1051 2158 1187 2222 graecae

154 2251 265 2318 edidit·
279 2253 454 2342 libellum3
477 2256 545 2342 qui,
568 2254 698 2322 etiamsi
719 2273 788 2321 non
803 2255 838 2320 in
856 2251 1012 2319 omnibus
1029 2257 1106 2320 satis
1128 2277 1187 2322 no·

154 2371 206 2436 bis
227 2367 361 2463 fecerit,
384 2375 422 2438 iu
442 2397 482 2439 eo
504 2387 617 2440 tamen
640 2375 739 2442 laude
760 2385 808 2440 est
829 2372 1069 2460 dignissimus,
1093 2373 1186 2460 quod

152 2489 357 2578 plerumque
378 2493 585 2578 sagacitatem
608 2511 701 2556 suam
723 2503 755 2558 at
775 2491 983 2558 coniecturas
1014 2491 1055 2556 ad
1078 2491 1187 2558 histo-

151 2608 223 2677 riae
243 2609 386 2698 dirigere
408 2609 585 2675 veritatem
607 2609 744 2675 studuit.

256 2727 322 2794 His
336 2731 438 2816 igitur
453 2711 631 2816 recognitis
647 2727 751 2812 libris,
768 2747 829 2812 ego
847 2746 956 2792 meam
975 2723 1188 2813 qualemcun-

155 2865 222 2934 que
251 2848 293 2912 de
314 2847 378 2913 hac
399 2869 437 2916 re
459 2846 690 2935 quaestionem
716 2844 784 2910 iam
806 2833 1084 2932 conscripseram,
1108 2865 1184 2914 oum

153 2967 356 3053 'l‘hierschii
374 2967 440 3034 viri
462 2965 683 3051 celeberrimi,
706 2963 748 3029 ad
770 2984 825 3030 me
847 2955 1014 3030 Pindarus
1034 2965 1184 3053 affertur,

153 3105 334 3174 germanus
357 3083 484 3172 factus,
507 3085 603 3150 cuius
636 3084 671 3148 in
693 3081 899 3171 praefatione
928 3082 1181 3172 elegantissima,

154 3216 288 3292 praeter
310 3203 372 3268 alia
395 3205 512 3291 multe,
535 3203 577 3268 da
596 3202 784 3290 tragoediae
808 3201 985 3288 principiis
1004 3221 1040 3266 ea
1063 3202 1184 3289 dispu-

153 3336 290 3410 tantur,
313 3323 434 3410 quibus
451 3321 613 3410 perlectis,
636 3333 675 3387 ut
695 3319 744 3410 fit,
762 3321 869 3408 citius,
892 3316 934 3387 ab
950 3319 1090 3386 mendis
1102 3319 1186 3385 maia

154 3455 286 3508 tantum
307 3463 378 3508 non
400 3441 595 3508 deterrerer.
638 3439 703 3504 Sed
726 3451 836 3504 tamen
859 3451 992 3527 postea,
1016 3455 1094 3502 oum
1115 3434 1185 3498 ite·

151 3581 236 3626 rum*
255 3571 354 3647 atque
375 3561 505 3648 saepius
527 3581 563 3625 ea
581 3559 832 3648 expendissem,
853 3559 960 3642 iisque
977 3575 1086 3639 nequa
1100 3549 1187 3618 alios

154 3700 238 3750 rum
271 3680 425 3744 virorum
462 3679 659 3764 sententias,
681 3687 719 3742 ut
740 3676 777 3740 in
799 3697 838 3742 co
860 3675 955 3759 loeo,
978 3672 1078 3760 plene
1099 3689 1186 3736 exa·

153 3800 275 3888 gitatas
296 3799 590 3882 vidissem,·r'r‘eque
610 3815 720 3861 meam
744 3805 801 3860 aut
821 3800 1032 3880 praereptam
1054 3798 1113 3853 aut
1127 3783 1187 3847 da-

160 3919 348 3988 bilitatam:
371 3917 510 4004 repetito
532 3915 648 3982 labore
669 3935 766 3998 meo,
787 3909 981 3976 audendum
1003 3921 1072 3966 ease
1093 3897 1199 3965 exie·-

840 4027 882 4093 ,a
