2902 4704
1125 308 1210 368 -111

180 455 244 557 vego
267 465 405 558 quidam
429 460 516 528 mihi
540 460 817 548 acquiescendum
841 479 910 527 ease
930 460 967 528 in
989 443 1033 527 eo
1050 448 1155 549 puto,
1180 475 1218 530 ut

112 573 113 578 ἵ
180 588 296 675 ipsum
331 583 506 650 Bacchum
529 596 636 666 usqua
657 579 735 646 inde
754 579 797 645 ab
820 579 1059 667 antiquissimis
1079 593 1215 670 tempo-

178 706 295 788 ribus,
330 712 364 767 ct
398 698 622 788 dithyrambis
651 710 684 764 at
713 698 903 785 tragoediis,
934 697 1075 765 diversis
1097 711 1218 768 natura

179 843 241 890 sua
269 819 442 905 cantibus,
477 817 678 885 celebratum
709 838 780 883 esse
801 829 970 884 statuam·
998 816 1048 884 Ut
1067 838 1149 887 vcro
1171 819 1219 884 il-

115 987 118 993 ·
174 941 272 1026 ¹lam,
294 937 351 1004 cui
373 936 588 1002 'l'hierachius
611 956 746 1024 quoque
764 937 1003 1024 patrocinatur,
1025 936 1218 1025 dithyrsma

88 1109 95 1115 -
177 1061 214 1128 bi
249 1055 398 1125 nominis
435 1054 600 1142 originem
633 1045 817 1124 admodum
860 1068 1050 1144 suspectam
1087 1056 1213 1124 babeo:

176 1181 224 1246 ita
248 1197 355 1266 neque
378 1172 512 1242 hircum
536 1176 736 1262 tragoediae,
773 1176 993 1242 remotissima
1017 1175 1075 1242 itta
1097 1189 1217 1263 aetate,

175 1297 271 1388 quasi
293 1295 484 1384 praemium
507 1295 723 1380 propositum
746 1293 849 1359 fuisse
877 1293 1000 1376 oredo,
1039 1305 1071 1361 at
1100 1296 1215 1364 omni·

175 1441 243 1504 no,
276 1418 358 1502 quin
388 1411 514 1500 tragica
536 1416 667 1499 poesis,
691 1413 784 1500 quod
815 1413 852 1479 in
875 1413 937 1478 alin
959 1412 1053 1481 nulla
1074 1415 1215 1480 memini

175 1535 344 1616 accidere,
367 1532 407 1598 ab
431 1531 582 1618 praemio
604 1553 685 1618 suo,
710 1553 819 1620 nequo
840 1553 901 1619 eo,
923 1543 962 1598 ut
983 1532 1138 1620 ridetur,
1160 1532 1212 1598 le·

175 1669 217 1740 ge
246 1673 388 1740 usquam
421 1639 624 1736 constituto,
663 1649 720 1716 s'ed
744 1650 869 1717 rustico
900 1661 933 1716 et
961 1651 1118 1739 privato,
1145 1669 1215 1727 tto-j

179 1791 259 1836 men
291 1769 423 1853 tulerit,
455 1767 554 1836 vaide
576 1770 706 1836 dubito.
750 1769 883 1838 Verum
906 1779 945 1836 ut
967 1768 1122 1859 photium
1143 1769 1212 1837 ho·.

82 1875 86 1880 ⁴
178 1891 284 1956 mines
306 1888 457 1976 phallicts
479 1889 688 1956 carminibus
719 1887 1025 1978 prosequebantur,
1056 1887 1214 1954 laetiori-t

177 2007 264 2075 bns:
286 2007 343 2093 ita,
366 2007 462 2075 hirco
483 2009 673 2094 immolato,
707 2009 816 2076 tristia
848 2009 1014 2096 quandam
1037 2007 1213 2096 canebant,¹

178 2102 283 2217 qnae,
306 2128 458 2216 primum
490 2127 531 2192 ab
553 2127 704 2216 Epigono
734 2126 776 2192 ad
798 2125 916 2194 heroes
952 2148 1125 2215 conversa,
1148 2148 1212 2193 an·

173 2249 309 2336 tiq'tmm
334 2260 368 2314 ct
386 2248 564 2336 proprium
583 2233 683 2314 suum
703 2243 954 2335 tragoediarum
971 2267 1096 2314 nomen
1115 2243 1212 2314 omni

176 2379 329 2456 tempore
350 2378 605 2433 conservarunt.

278 2483 415 2569 Nescio,
438 2483 586 2570 quaeda
607 2483 660 2549 his
682 2485 827 2554 aliorum
852 2481 919 2554 sint
937 2485 1060 2555 iudicia
1075 2484 1211 2575 futura,

173 2623 237 2675 nec
258 2613 372 2668 tamen
391 2579 581 2691 quisquam,
602 2611 697 2699 puto,
716 2618 803 2672 recta
824 2618 882 2673 ant
897 2605 1117 2674 dubitationes
1132 2627 1211 2672 nos·

173 2733 243 2788 tras
261 2720 476 2808 vituperabit,
502 2733 560 2787 aut
574 2743 668 2807 eam,
691 2744 793 2811 quam
815 2725 880 2814 ipsi
897 2726 934 2791 in
951 2724 1101 2791 medium
1121 2737 1209 2812 prod
1323 2773 1330 2784 .

171 2841 331 2926 tulimus,
362 2842 404 2908 de
424 2840 616 2928 tragoediae
650 2842 791 2908 nomino
833 2845 1030 2909 sententiam
1072 2841 1209 2928 reiiciet,

171 2959 235 3028 uisi
258 2973 349 3027 certa
380 2983 442 3029 uos
464 2960 618 3026 docuerit
646 2959 954 3048 demonstratione,
985 2935 1099 3048 quales
1128 2971 1209 3026 tan«

52 3151 57 3158 ,
172 3077 250 3146 dem
281 3091 430 3169 st,·qua
465 3078 507 3146 de
528 3101 566 3146 re
586 3077 715 3148 fuerint
741 3081 795 3148 illi
823 3093 960 3166 cantus,
984 3080 1062 3168 qui,
1085 3077 1210 3148 diversi

173 3219 193 3264 a
229 3197 382 3286 phallieis
413 3212 446 3266 et
467 3199 713 3288 dithyrambis,
736 3221 846 3288 naque
868 3201 981 3278 minus
1003 3200 1044 3265 iis
1065 3197 1229 3285 vetusti,

171 3314 213 3383 ab
239 3317 346 3400 hirco,
372 3320 543 3404 praemio,
565 3341 628 3382 uec
657 3290 756 3383 vaide
780 3319 932 3406 antiquo,
954 3339 1015 3384 nec
1035 3317 1208 3406 legitimo,

159 3450 231 3501 ’nec
257 3447 369 3523 certo,
389 3457 514 3502 nomen
536 3436 735 3523 acciperent.

276 3553 375 3620 Nunc
402 3577 503 3640 vero,
529 3565 706 3643 postquam
743 3555 785 3622 de
810 3556 949 3622 nomine
988 3565 1021 3622 at
1053 3553 1208 3642 marmio
1245 3599 1249 3606 -

169 3671 356 3755 tragoediae
375 3673 537 3757 diximus,
560 3687 662 3762 atque
682 3675 746 3740 hcc
765 3676 904 3762 quidem
931 3673 967 3740 in
984 3673 1108 3739 rustica
1125 3692 1205 3760 geu·

170 3797 214 3872 tc,
237 3789 379 3854 certe¹in
398 3792 519 3876 Attica,
544 3793 679 3860 hircum
697 3792 799 3859 fuisse
824 3795 1020 3884 posuimus,
1043 3791 1102 3878 qui
1124 3811 1207 3856 cum

168 3905 244 3975 aliis
259 3907 452 3976 cantoribus
468 3910 612 4001 tragicis,
629 3911 824 4000 tum,iuitio
841 3913 988 4002 quidem,
997 3906 1209 3976 etiameeae
